1798 3051
781 96 809 139 37

33 226 178 279 provulgata
195 237 265 279 paene
285 237 334 268 esse
350 227 429 279 potest,
445 210 523 280 1111111,
539 224 597 280 quod
612 226 723 269 duriorem
738 238 809 281 neque

32 308 55 350 iu
71 305 198 362 Thucydide
214 307 302 362 quidem
310 305 421 351 ferendam
432 306 549 351 verborum
559 309 734 352 consecutionem
745 320 809 363 prac-

33 388 89 432 beat.
120 389 145 431 In
168 389 240 433 verbis
257 389 313 432 enim
338 389 375 446 ,ἐν
398 386 413 449 ᾗ
435 390 547 449 πανδημεὶ
563 387 655 442 θύουσι,
672 391 752 435 πολλοὶ
768 389 810 446 οὐχ

33 470 111 532 ἱερεῖα,
128 469 185 516 dito}
200 469 293 528 hripum
308 467 438 533 ἐπιχώριοιιι
465 484 530 514 unam
545 473 664 516 alteramve
679 472 809 527 particulam

33 552 92 595 nullo
112 553 176 603 modo
194 565 260 610 posse
280 552 401 597 desiderari
420 553 536 598 contendit.
573 553 629 608 Sed,
650 555 748 610 quamvis
768 556 809 599 viri

33 637 56 678 et
71 635 171 678 doctrina
190 638 212 678 et
233 634 333 679 acumine
352 635 433 689 ingenii
453 635 500 679 aliis
516 635 641 681 excellentis
657 636 810 682 auctoritatem

7 705 9 711 Α
33 707 136 760 intactam
160 730 208 761 esse
231 717 332 772 velimus,
356 717 470 761 dicendum
498 718 572 761 tamen
592 721 637 772 est,
661 723 737 763 nostro
759 720 808 763 loco

32 795 197 855 grammaticum
218 801 374 843 certamen‘ad
397 799 552 843 absolvendam
575 812 622 844 rem
646 799 734 844 dubiam
756 799 809 843 nihil

15 894 16 898 ¹
33 882 150 937 prodessc3
167 882 277 927 alii'enim
293 881 352 938 iique
368 893 411 924 non
425 882 497 925 minus
512 880 600 936 probati
615 884 754 937 interpretes,
771 882 809 925 ad·

32 967 121 1009 mittere
137 977 180 1008 non
196 964 307 1020 dubitant,
328 965 350 1007 in
370 977 412 1019 quo
432 963 570 1007 Hermannus
585 965 616 1008 ita
631 964 713 1019 haesit,
736 967 762 1008 ut
782 965 809 1007 de

33 1046 183 1091 incolumitate
197 1049 320 1102 scripturae
333 1047 453 1100 desperans
469 1045 607 1102 omniumque
625 1047 722 1091 codicum
733 1050 809 1090 aucto-

33 1128 120 1172 ritatem
136 1128 255 1184 negligens,
270 1141 311 1183 pm
327 1128 407 1173 πολλοὶ
422 1128 502 1172 iterum
517 1126 591 1174 πολλὰ
606 1131 645 1172 111
660 1130 733 1183 potius
749 1128 808 1185 πλὴν

33 1211 105 1270 ἱερεῖα
120 1212 165 1255 κτλ.
183 1210 339 1254 emendandum
355 1213 494 1265 proponeret.
526 1210 661 1263 Quibusnam
672 1216 744 1254 autem
761 1210 809 1254 aliis

33 1292 104 1336 causis
119 1291 227 1336 adductus
244 1293 279 1347 111,
298 1295 323 1335 11
339 1295 400 1335 11111
415 1292 513 1344 auderet,
529 1293 594 1346 paulo
609 1291 666 1335 inira
681 1291 808 1335 videbimus.

32 1374 79 1429 Ego
102 1387 154 1417 vero
178 1387 216 1417 cur
239 1373 371 1417 Bredoviunr
394 1373 533 1428 reliquosque
556 1376 644 1417 secutus
668 1376 708 1418 sim
730 1376 752 1416 et
771 1386 809 1417 cur

32 1469 46 1499 a
62 1455 186 1512 Thucydide
202 1455 288 1499 narrari
305 1456 431 1510 existimem,
448 1456 506 1511 quod
522 1455 566 1498 iam
581 1455 760 1500 Hemsterhusius
777 1455 809 1497 di-

33 1539 121 1591 vinavit,
139 1551 165 1581 ea
180 1550 241 1593 quae·
252 1522 358 1580 allaturus
374 1549 421 1579 sum
438 1537 553 1581 docebunt.

381 1735 400 1790 ἓ.
432 1736 466 1779 19.

103 1840 159 1884 Utra
185 1841 256 1895 prius,
290 1823 386 1883 animata
405 1853 434 1883 an
460 1841 580 1893 inanimata
602 1838 700 1882 homines
728 1839 810 1882 numini

33 1922 106 1967 divino
127 1920 309 1973 sacrificaverint,
329 1921 429 1975 quaestio
448 1920 501 1964 mihi
516 1921 603 1964 videtur
620 1924 712 1975 propter
727 1923 811 1974 tempo-

34 2016 80 2045 rum
101 2005 232 2046 vetustatem
256 2005 278 2044 11
302 2001 456 2045 obscuritatem
480 1988 572 2045 sinceris
595 2003 729 2056 argumentis
753 2001 812 2045 haud

33 2084 173 2128 dissolvenda
188 2086 210 2126 11
225 2084 247 2125 ni
262 2081 327 2126 fallor
347 2084 423 2126 otiosa.
455 2083 506 2125 Fuit
522 2084 578 2126 enim
593 2085 625 2136 pii
640 2083 742 2137 gratique
759 2096 812 2138 erga

23 2165 97 2213 ,deum
113 2165 177 2207 animi
194 2178 221 2207 ex
237 2163 414 2218 omnibns-quae
430 2167 492 2207 terra
507 2164 529 2206 in
538 2176 608 2207 usum
619 2165 731 2207 hominum
740 2165 811 2219 gignit

34 2250 56 2289 et
71 2247 111 2290 alit
127 2248 173 2290 sive
189 2245 291 2301 animalia
306 2245 352 2287 sive
362 2244 443 2299 fruges,
461 2258 527 2298 quum
537 2258 627 2287 munera
643 2245 749 2288 divinitus
761 2245 812 2289 data

33 2341 81 2372 esse
101 2328 238 2379 viderentur,
267 2325 370 2369 nonnulla
391 2329 413 2369 11
434 2325 517 2380 optima
538 2339 564 2370 ea
586 2326 613 2369 ad
634 2324 812 2371 faciendasacra

34 2409 122 2464 eligere
152 2409 182 2451 Et
193 2409 225 2451 ita
244 2408 331 2462 quidem
347 2406 503 2461 antiquissimis
520 2407 655 2461 temporibus
672 2407 811 2451 observatum

34 2503 93 2543 esse„
114 2491 149 2532 vel
164 2490 213 2544 ipsa
232 2502 294 2532 sacra
314 2487 435 2542 scriptura,
455 2487 492 2530 uhi
508 2487 535 2532 de
551 2487 612 2531 Caini
628 2492 650 2530 et
667 2488 729 2532 Abeli
745 2491 812 2533 sacri-

33 2768 155 2818 Vcrehrung
174 2767 210 2807 des
229 2769 282 2807 Zeus
298 2766 414 2807 Meilichius
433 2780 458 2806 zu
477 2766 562 2807 Athens
577 2767 654 2814 philol.
668 2780 688 2808 v.
703 2767 812 2807 Schneide-

32 2833 73 2872 vin
86 2832 157 2882 Jahrg.
172 2831 198 2872 II.
213 2843 233 2881 p.
247 2834 319 2872 1-11.
