1798 3051
92 112 120 155 18

92 252 147 293 esse,
166 238 215 283 fieri
235 252 322 294 quoque
337 240 418 294 potuit,
438 245 463 284 ut
477 240 536 284 Iovis
551 241 609 290 illius
625 240 738 285 Dodonaei
753 240 830 294 religio
846 240 869 283 in
897 251 898 254 ’

91 322 166 366 Attica
185 307 339 365 innotesceret.
374 321 407 365 Re
426 309 458 366 ita
473 324 609 377 comparata,
631 321 806 378 111111111χ11ονίου
822 322 868 376 epi-

91 403 168 448 theton
194 407 323 448 terrestrem
355 406 402 447 eius
428 408 530 448 naturam
556 386 613 448 satis⁴
635 406 752 459 perspicue
780 404 868 456 indicet,

92 498 202 541 quumque
217 487 299 530 veteris
315 485 423 541 Pelasgiei
438 486 503 539 Iovis,
519 487 582 530 euius
597 490 677 531 natura
693 486 745 540 quin
759 487 782 530 111
797 485 868 530 11111111-

92 566 119 610 do
136 571 158 610 et
173 567 274 610 terrestri
289 567 310 611 ri
326 567 430 622 gignendi
445 568 487 611 sita
502 566 575 621 fuerit,
591 580 655 612 nemo
671 568 760 622 estqui
776 567 867 622 dubitet,

92 649 161 693 omnis
185 649 290 692 memoria
315 654 338 693 et
363 649 435 693 oultus
460 648 520 693 haud
544 648 608 693 facile
633 649 763 694 intercidere
785 653 868 705 posset,

91 715 211 786 videamus,
227 726 299 775 annon
314 732 337 774 111
355 733 414 786 ipso,
439 730 466 775 de
485 743 528 785 quo
550 733 648 786 quaestio
670 736 715 786 est,
735 720 800 776 lore
816 732 867 775 Mi-

90 814 175 858 lichie
190 813 250 857 illam
264 813 423 867 proprietatem
437 814 573 867 reperiamus
589 825 655 867 quum
671 826 683 857 1
699 814 754 858 1ο111
767 815 867 858 mutatio-

90 894 154 940 nibus
165 899 188 940 et
197 893 365 950 tempestatibus
381 899 427 939 tum
443 907 469 939 ex
484 894 626 939 terrestribus
642 894 717 939 officiis
732 894 867 940 attributam.

444 1093 463 1152 1.
493 1094 514 1137 o.

161 1200 220 1244 loris
239 1198 306 1243 Attici
327 1198 374 1242 dies
392 1212 499 1254 perquam
527 1200 633 1243 solemnes
653 1198 828 1261 Μαιμακτήρια.
846 1205 868 1244 11

90 1281 177 1328 Διάσια
196 1281 265 1325 fuisse
285 1280 416 1335 produntur.
433 1306 459 1316 .-
476 1279 643 1342 Μαιμακτήρια
658 1281 753 1337 quidem,
768 1281 867 1325 Photio

90 1376 107 1408 s.
123 1378 143 1407 v.
159 1367 249 1407 auctore
257 1363 282 1420 ¹),
298 1362 698 1424 1111111111Δι1Μαιμάκτῃ,
728 1360 868 1422 Μαιμάκιης

89 1458 141 1490 vero
166 1446 219 1500 quid
242 1444 355 1500 significet,
382 1446 485 1488 continuo
510 1445 582 1489 addit:
608 1442 810 1504 Ὁ-ἑνθοασιώδιχς
829 1447 867 1491 καὶ

89 1527 223 1589 ταρακτικὰς
242 1526 313 1587 ἀρχὴν
333 1523 486 1584 λαμβάνοντος
506 1533 547 1572 τοῦ
565 1532 686 1584 χειμῶνος·
706 1526 734 1573 ἐν.
749 1524 821 1586 τούτῳ
836 1532 868 1585 τῷ

90 1610 143 1668 μηνὶ
159 1608 172 1655 ὁ
187 1608 231 1670 ebio
246 1606 378 1671 ταράττεται
393 1610 433 1654 καί
446 1609 582 1667 μεταβολὴν.
592 1609 684 1666 toxam]
714 1609 778 1652 Huno
793 1609 867 1652 Iovem

89 1693 158 1735 latine
183 1692 276 1735 reddere
298 1694 415 1746 possumus
440 1692 585 1745 Vesanum,
616 1691 692 1735 eodem
716 1704 793 1746 sensu,
823 1705 866 1748 quo

89 1773 204 1816 Plautus
226 1773 344 1817 Trinumm.
365 1773 402 1817 IV.
422 1774 443 1828 1,
459 1775 472 1817 7
492 1773 519 1817 de
534 1774 590 1817 mari
609 1773 742 1817 tumultuoso
759 1777 781 1818 et
795 1773 866 1818 ventis

89 1856 172 1910 agitato
187 1855 296 1911 loquitur:
559 1860 562 1863 ’

207 1938 335 1992 Neptunum
352 1937 506 1992 spurcitiem,
537 1921 667 1992 immanem,
698 1927 880 1991 intolerandum

314 2070 316 2073 y
647 2022 794 2064 vesanumt

147 2103 218 2146 illum¹
227 2114 279 2145 vero
295 2102 418 2158 Μειλίχιον
433 2085 507 2156 luisse,
524 2102 566 2146 alio
582 2106 667 2146 tantum
683 2102 769 2146 nomine
782 2115 865 2146 nunau-

89 2187 172 2239 patum,
188 2184 360 2229 Plutarchus
384 2189 461 2228 arrotor
484 2188 524 2228 est.
562 2184 596 2228 De
611 2183 724 2245 cohibenti.
747 2185 782 2228 ira
804 2198 821 2230 e.
845 2185 865 2229 9.

64 2295 66 2298 f
88 2267 132 2313 Aeo
151 2268 195 2320 καὶ,
211 2267 293 2321 inquit,
311 2272 356 2311 τῶν
374 2271 436 2312 θεῶν
451 2266 489 2312 τὸν
504 2267 600 2324 βασιλέα
614 2266 781 2323 Μειλίχιον,
797 2265 866 2325 Ἀθη-

88 2354 149 2394 ναῖοι
170 2350 194 2394 δὲ
212 2345 362 2408 Μαιμάκτην,
382 2345 459 2406 οἶμαι,
479 2351 579 2394 καλοῦσι.
615 2348 645 2392 Ε1
663 2349 786 2404 Hesychius
806 2363 823 2394 s.
844 2364 864 2394 v.

89 2430 227 2489 Μαιμάκτης
254 2437 289 2475 est
311 2432 440 2488 Μειλίχιος,
460 2428 592 2490 καθάρσιος.
609 2456 635 2463 -
654 2430 763 2479 Solemnis
787 2431 866 2476 deinde

161 2723 347 2777 ι11111111111111111
368 2726 422 2766 enim
438 2726 524 2778 mensis,
543 2737 584 2776 quo
598 2725 650 2777 11111
664 2725 780 2777 obibantur,
793 2726 842 2778 ipse
852 2724 873 2768 a

86 2796 173 2848 Μαιμάκτῃ
186 2791 302 2841 appellatus
317 2794 354 2832 est.
381 2797 509 2848 Μαιμακτηριὼν
522 2795 554 2833 ἀπὸ
567 2795 604 2836 Διὸς
616 2797 718 2843 Μαιράκτου.
742 2791 757 2843 ²)
772 2791 799 2838 df.
812 2792 865 2834 Halt-

85 2859 163 2908 poorat.
177 2868 193 2896 s.
207 2868 227 2897 v.
241 2860 373 2911 Μαιμακτηριών.
