1798 3051
155 213 227 257 Multa
249 227 311 267 sane,
334 213 411 269 quibus
432 214 451 257 is
468 214 577 269 purgandi
591 214 668 257 modus
685 218 806 266 enarratur,
823 226 860 256 ex-

85 298 145 338 stant
161 296 259 349 exempla
275 297 333 350 apud
348 299 426 350 poetas
442 301 464 340 et
480 297 618 350 antiquarum
634 294 757 338 fabularum
768 289 860 349 scripto-

84 378 151 433 res.¹]
187 378 313 421 Posteriora
335 390 421 432 quoque
441 390 490 420 eum
511 382 584 421 aetate
605 377 712 431 viguisse,
738 378 812 420 nescio
832 389 861 419 an

82 459 217 503 Athenaei
233 459 270 501 IX.
288 460 327 503 78:
357 458 446 521 ’Ἐπενί
462 457 634 518 ἀπονιψάμενος
650 457 717 511 ου’σός
731 461 769 503 καὶ
785 458 807 504 οἱ
822 456 861 503 ι’ίί-
879 502 880 505 ,

81 543 117 585 λοι
142 542 163 585 oi
186 537 381 597 σπλαγχνεύοντες,
409 540 469 601 ὕδωρ
490 541 573 596 λαβὼνμ
587 538 692 601 κόιὶλαιρε,
720 538 813 591 όσόνιζε
834 540 859 584 τό

83 619 141 679 αἷμα
161 628 202 667 τοῦ
220 623 445 681 καθαιρομένου-ναὶ
468 622 524 678 μετὰ
545 623 570 667 τό
590 619 708 678 σίνιόνιιιμα
727 621 860 678 ιῖναιιίνησας

83 704 116 755 εἰς
130 703 198 749 ταύτό
215 702 287 760 ἔγχει·
303 729 332 734 -
348 707 370 746 et
387 703 477 747 Schol.
493 703 524 747 ad
540 704 680 758 Aristoph.
697 704 763 758 Vesp.
776 717 795 748 v.
809 703 858 746 289.

80 784 221 845 Ἐριχιιαρίαι,
241 783 293 830 όσιιι
311 785 364 837 νοός
382 784 469 841 ἐναγεῖς
486 785 622 843 καθαίρουσι
635 783 702 842 αἷμα
726 786 857 841 ἐπιχέονσαι

82 867 166 926 ἱερείου
186 892 213 896 -
234 867 359 910 testimonia
378 866 478 920 probent.
486 867 503 921 2)
540 866 573 908 Ex
589 880 614 910 eo
630 870 700 919 certe,
723 868 782 921 quod
797 868 858 920 post-

81 948 145 991 modo
172 960 258 1002 qnoque
286 948 428 1007 κιιοαομοί
451 946 633 1006 χοιρόκνονοι
650 951 855 999 commemorantur,

81 1030 103 1072 id
120 1030 193 1084 colligi
208 1041 274 1084 posse
289 1029 342 1073 mihi
357 1029 450 1073 videtur.

153 1111 186 1153 De
206 1112 275 1154 altero
293 1112 403 1165 purgandi
422 1123 513 1165 genere,
534 1123 599 1165 quum
618 1124 631 1153 a
648 1109 715 1169 suida
731 1115 753 1154 et
769 1112 859 1154 auctore

80 1193 103 1235 in
118 1191 213 1234 Bekkeri
228 1192 346 1236 Anecdotis
362 1192 487 1236 nonnisiiol
502 1193 619 1236 memoriae
634 1192 745 1247 proditum
761 1193 799 1243 sit,
823 1204 857 1233 re-

76 1273 227 1316 conciliandos
248 1274 270 1315 in
290 1274 371 1316 vellere
391 1274 428 1316 illo
448 1274 506 1317 loris
526 1274 645 1317 consistere
662 1273 771 1325 debuisse,
787 1284 858 1327 neque

81 1354 140 1398 aliud
156 1355 274 1410 quidquam
290 1356 352 1399 nobis
367 1359 479 1410 repertum
495 1356 530 1410 sit,
547 1356 609 1410 qnod
621 1357 648 1399 acl
664 1354 719 1397 hanc
739 1367 785 1406 rem
808 1353 857 1396 illu-

81 1436 192 1480 strandam
208 1436 336 1490 afferamus⁷
364 1437 430 1495 altius
447 1450 554 1492 quaerere
581 1449 711 1491 quamquain
727 1438 795 1480 invito
811 1436 858 1478 ani-

80 1531 115 1560 mo
131 1518 263 1562 desistimus.
306 1501 381 1563 Liceat
404 1521 476 1561 tamen
499 1519 522 1562 id
545 1519 663 1562 coniicere:
694 1518 785 1561 Factum
809 1529 857 1560 esse

80 1603 160 1654 potest,
176 1599 300 1656 {ut'sacra
325 1601 379 1643 haec
404 1600 534 1653 piacularia,
565 1600 676 1653 quoniam,
703 1599 780 1643 iisdem
800 1611 855 1652 qnos

81 1680 174 1724 (linimus
191 1681 327 1734 auctoribus,
349 1693 397 1724 oum
417 1680 579 1724 Eleusiniorum
604 1681 715 1736 mysteriis
739 1680 855 1723 cohaerere

80 1762 188 1816 videntur,
200 1776 241 1805 una
257 1775 305 1805 oum
321 1763 364 1805 illis
380 1762 465 1805 demum
481 1763 551 1816 magis
567 1763 680 1817 magisque
696 1763 858 1805 innotescerent

81 1848 103 1887 et
118 1847 157 1886 aut
172 1844 199 1887 ab
215 1845 248 1895 iis,
269 1845 306 1898 qui
322 1844 440 1887 Eleusiniis
455 1826 536 1887 initiati
552 1849 621 1896 erant,
638 1846 677 1887 aut
692 1857 705 1886 a
720 1848 786 1899 gente
803 1856 856 1898 qua-

81 1924 129 1967 dam
153 1924 284 1968 sacerdotali
307 1931 472 1978 peragerentur.
511 1924 544 1967 De
568 1925 637 1979 primo
662 1925 718 1967 enim
742 1938 822 1980 genere
845 1939 857 1968 e

80 2006 144 2049 Pans.
160 2007 176 2048 l.
193 2007 228 2058 37,
244 2007 264 2048 3.
272 2007 288 2060 ³)
306 2009 328 2049 et
343 2005 460 2049 Plutarcho
477 2006 541 2048 Thes.
553 2018 571 2049 c.
588 2007 645 2062 1241
662 2011 736 2049 notum
748 2010 788 2061 est,
799 2006 856 2061 Phy-

153 2297 165 2346 ¹l
180 2297 286 2336 Eiusmodi
301 2298 415 2348 exemplum
428 2299 515 2348 praebet
527 2298 605 2337 Herod.
619 2299 635 2337 Ι.
642 2300 675 2338 41.
685 2309 742 2348 seqq.
752 2298 857 2337 Adrasti

81 2360 124 2399 fata
138 2372 242 2401 enarrans.
274 2362 306 2400 De
324 2362 396 2401 Ixione
414 2362 455 2401 vid.
470 2352 582 2402 Prellcr.l.
598 2375 614 2401 c.
628 2363 655 2401 Il.
668 2374 688 2412 p,
704 2358 742 2401 111
762 2362 811 2402 Alia
824 2363 858 2401 de·

79 2424 142 2473 nique
162 2425 255 2475 exempla
273 2426 377 2475 congessit
397 2427 461 2465 multa
482 2426 643 2477 honestius,
667 2426 699 2464 vir
721 2425 856 2476 doctissimus,

78 2487 180 2538 Aglaoph.
195 2501 214 2538 p.
229 2490 273 2529 968,
302 2489 317 2538 2λ
332 2489 358 2529 cf.
372 2490 439 2538 Etym.
453 2490 480 2530 M.
499 2498 518 2540 p}
538 2493 582 2530 313.
612 2489 626 2540 ³]
640 2495 708 2540 Διαβαα
733 2494 750 2529 δὲ
775 2493 856 2544 Κηφισσὸν

79 2555 133 2602 βωμός
150 2557 182 2591 ἐστι
199 2558 268 2605 ἀρχαῖος
283 2555 367 2606 Μειλιχίου
381 2555 425 2596 Διὸς·
441 2556 467 2594 ἐπὶ
479 2558 532 2604 τούτῳ
548 2557 612 2607 Θησεὺς
628 2554 660 2592 ὑπό
676 2565 709 2592 τῶν
726 2557 811 2608 ἀπογόνων
824 2567 856 2594 τῶν

80 2619 158 2654 Φυτάλου
170 2616 262 2667 καθαρσίων
275 2619 328 2669 ἔτυχε
352 2622 369 2667 4]
382 2620 458 2667 Προϊόντι
474 2622 491 2657 δέ
507 2620 553 2667 αὐτῷ
565 2618 592 2656 καὶ
603 2621 685 2671 γενομένῳ
698 2624 739 2656 κατὰ
751 2620 778 2656 τόν
791 2623 856 2673 Κηφισ-

79 2680 106 2718 σὸν
119 2682 178 2730 ἄνδρες
191 2684 253 2719 ἐκτῶν
266 2685 365 2720 Φυταλιδῶν
377 2685 435 2735 γένους
448 2684 572 2736 ἀπαντήσαντες
585 2685 678 2736 ἠσπάσαντο
691 2694 761 2732 πρῶτοι,
778 2683 804 2723 καὶ
817 2686 856 2722 δεσ-

50 2765 52 2768 ·
78 2747 126 2793 μένου
139 2748 249 2799 καθαρθῆναι,
262 2753 297 2787 τοῖς
310 2749 428 2796 νενομισμένοις
435 2747 530 2800 ἁγνίσαντες
543 2748 569 2785 καὶ
582 2747 674 2799 μειλίχια
687 2750 766 2789 θύσαντες
776 2748 856 2787 εἱστίασαν

79 2810 124 2848 οἶκοι
