1798 3051
64 114 94 157 42

64 243 96 286 tia
111 246 133 285 et
148 255 254 287 concursu
270 241 376 286 celebrari
384 242 473 297 coeptis,
489 241 644 287 sacrificiorum
656 255 742 297 quoqne
753 255 841 298 genere

64 312 207 378 varietatem,
229 337 342 368 numerum
363 325 438 379 augeri
459 326 562 379 oportuit.
599 326 668 377 Quam
688 324 715 384 oh
735 337 780 369 rem
796 329 842 368 tum

64 407 225 451 incruentorum
246 419 309 450 usum
328 420 377 449 curn
396 406 517 449 hostiarum
547 407 613 450 coede
629 406 660 449 itu
676 408 841 462 coniungebant

38 544 39 547 Ἰ
65 494 89 532 nt
102 489 210 533 ”libamine
230 494 252 533 et
271 488 359 543 frugum
380 479 605 543 plngnocularumquc
627 488 748 532 oblationes
766 505 831 548 „opo

67 570 188 627 hripconcff
210 573 224 615 i.
241 585 260 616 e.
283 571 325 627 „cot
342 571 386 631 πρὸ
402 577 441 629 τῆς
457 571 540 624 θυσίας
555 570 662 634 γενόμενα
678 566 843 628 θυμιάματαῆ

65 649 215 698 ninneton&
234 656 314 705 essent,
332 656 378 696 tum
392 655 415 696 in
431 654 524 702 victimis
539 654 659 697 mactandis
672 667 697 697 eo
711 655 842 707 perventum

65 740 105 786 est,
126 739 152 778 nt
170 738 206 779 vir
226 737 327 780 civitete's
349 748 416 778 onere
436 735 591 779 sacrificiorum
607 736 747 789 sustinerent,
763 735 842 778 nedum

65 818 145 869 privati
167 821 189 861 et
209 819 332 861 tenuiorum
353 816 454 861 ordinum
473 817 582 869 homines,
605 818 694 872 quibus,
710 819 736 860 ut
750 817 842 871 pauperi

65 899 87 941 in
103 898 190 942 Anthol.
212 898 260 943 Lat.
277 899 313 942 Vl.
330 900 372 951 lh,
389 911 431 941 non
447 899 469 941 in
484 901 571 952 priuato
588 900 663 953 solnm,
680 898 718 941 sed
734 898 755 940 in
771 897 842 954 puhli-

65 993 90 1023 c0
107 992 194 1035 quoque
210 980 317 1024 sacrificio
332 980 391 1024 haud
402 993 457 1025 raro
473 979 584 1023 satisfuit
600 981 656 1024 lihu
673 985 699 1024 et
714 980 799 1023 rooles
814 979 842 1022 in

66 1061 156 1116 ignem
172 1062 256 1105 dare.¹

135 1144 219 1195 Quibus
235 1144 352 1198 disputatis
368 1144 411 1187 iem
427 1144 480 1187 haec
495 1145 598 1188 videntur
614 1148 705 1197 patere:

136 1225 206 1277 Quum
222 1226 341 1269 incruentis
361 1228 451 1269 cruente
467 1225 571 1269 sacrificio
586 1228 733 1278 praestarent,
749 1227 791 1268 iam
804 1236 843 1277 per
876 1219 878 1226 ’

64 1319 88 1349 se
108 1318 152 1348 non
170 1306 288 1350 verisimile
309 1311 353 1359 est,
375 1306 523 1350 celeberrimis
539 1307 664 1350 Diasiorum
680 1305 742 1349 tostis
759 1305 842 1357 dicbus,

66 1388 143 1441 quibus
165 1391 211 1430 toto
231 1388 282 1430 urbs
303 1389 360 1432 laeto
381 1389 479 1431 convivio
502 1387 617 1442 gaudebat,
631 1387 729 1430 Milichie
747 1388 793 1430 solo
810 1386 842 1427 in-

63 1473 154 1512 cruente
173 1468 231 1513 lacte
254 1482 308 1513 esse.
343 1470 373 1512 lis
390 1481 442 1512 sene
458 1471 505 1512 tum
520 1469 581 1511 locus
598 1471 662 1520 esset,
688 1470 706 1510 si
724 1468 843 1512 Milichium
857 1453 871 1479 ⁰

64 1551 145 1593 nullam
164 1551 229 1594 elien]
248 1550 291 1594 nisi
306 1553 436 1594 terrestrem
451 1556 552 1592 naturam
567 1563 620 1603 pree
636 1562 659 1591 se
675 1551 752 1593 tulisse
768 1552 841 1592 oston-

64 1631 159 1675 deretur.
190 1631 216 1673 ld
238 1632 295 1686 quod
311 1644 373 1675 nemo
389 1631 501 1685 hucusque
517 1632 635 1682 contendit,
657 1633 760 1673 econtra
776 1629 842 1684 pleri-

64 1724 107 1764 que
125 1712 246 1766 mythologi
266 1713 288 1756 id
308 1714 381 1766 ipsum
396 1712 563 1764 dubitaverunt,
585 1712 742 1766 pauciohiter
757 1714 843 1755 tantum

65 1795 191 1848 tetigerunt.
216 1794 289 1845 Quid?
304 1793 338 1838 fec
353 1794 473 1837 Milichimn
488 1793 628 1837 denmfuisse
639 1806 697 1836 mere
707 1796 841 1845 terrestrem,

64 1888 121 1918 num·
132 1875 184 1929 quid
200 1876 247 1918 sole
262 1863 376 1919 incruenta
390 1876 496 1919 sacrificia
511 1875 622 1918 vindicare
633 1875 768 1928 poterimus?
785 1876 842 1926 Quo-

65 1956 93 1997 ad
117 1968 155 1998 nos
172 1957 260 2010 quidem
280 1957 386 2009 norimus,
402 1968 414 1998 c
430 1956 571 2000 terrestribus
593 1957 634 1999 diis
648 1957 709 2007 soles
724 1955 796 2008 furiae
809 1957 842 1999 in-

65 2039 162 2094 cruentis
179 2041 201 2080 et
217 2037 369 2098 νηφαλίοις
386 2024 473 2091 quidem
490 2037 610 2091 antiquitus
627 2030 760 2081 colebantur.

134 2118 165 2160 Et
179 2118 239 2171 naec,
257 2131 312 2173 quae
327 2119 391 2161 modo
408 2131 434 2161 ex
449 2120 498 2171 ipsa
515 2119 548 2161 rei
568 2118 690 2162 conditione
706 2118 842 2169 deduximus,

64 2183 220 2242 confirmantur
236 2199 290 2242 locis
306 2200 368 2242 initio
385 2199 449 2242 huius
466 2200 643 2252 quaestiunculae
659 2198 760 2253 laudetis,
780 2199 841 2242 Xen.

65 2280 145 2323 Anah.
162 2280 210 2323 Vll.
230 2281 250 2333 8,
267 2282 287 2323 4.
307 2280 447 2333 Aristoph.
469 2280 533 2323 Nnb.
549 2281 599 2324 407.
614 2280 730 2323 Luciam
747 2280 841 2324 runc.

65 2362 91 2413 T„
111 2373 165 2414 qrios
186 2345 324 2404 Hermannus
345 2362 368 2415 (l.
386 2374 403 2403 c.
420 2374 440 2415 p.
457 2362 478 2403 4.
495 2360 566 2416 seqq.)
581 2362 665 2404 frustra
680 2361 732 2404 mihi
755 2361 842 2405 videtur

64 2444 199 2497 impugnare.
216 2443 342 2485 —Verum
363 2442 449 2496 quidem
466 2447 508 2494 est,
525 2442 691 2496 Xenophontem
707 2442 783 2485 Dresia
800 2455 841 2485 non

65 2524 182 2575 celebrare,
200 2523 245 2577 secl,
261 2528 286 2566 ut
302 2523 368 2565 verbe
384 2523 498 2567 inanit'estc
514 2524 598 2576 (locent
615 2523 710 2565 llilichio
727 2522 841 2577 sacrificat,

64 2618 128 2658 quem
147 2606 169 2646 in
189 2606 275 2658 privato
296 2604 372 2647 iisdem
393 2607 459 2658 etque
479 2605 501 2646 in
517 2604 603 2658 publico
624 2603 729 2648 secrilicio
746 2605 787 2649 coli
804 2606 841 2648 cle*

63 2686 148 2738 tuisse,
169 2686 218 2728 lnce
238 2685 317 2729 clarius
339 2689 378 2728 cst.
415 2685 438 2727 Id
463 2686 521 2738 anul
540 2685 678 2739 Hernmnnus
700 2686 748 2727 ideo
769 2690 841 2740 negot,

64 2769 116 2822 quia
136 2766 286 2821 Xenophontis
306 2768 328 2809 in
353 2767 446 2821 patriam
473 2767 567 2810 redit-uri
588 2771 654 2821 etque
678 2767 842 2810 Atheniensium

63 2849 138 2893 Diesia
158 2849 315 2894 celebrantium
337 2861 379 2890 non
404 2848 495 2891 condem
513 2848 582 2890 fnisse
605 2848 749 2892 conditionem
772 2853 841 2903 putet.
