1798 3051
66 93 96 140 48

67 235 119 266 vere
139 222 275 267 manifestior
293 228 397 278 apparet,
423 237 488 279 quam
510 224 552 267 alio
568 226 674 278 ternpore.
715 223 771 267 Tum
787 223 846 267 enim
885 282 886 286 Ἰ

67 305 159 348 manime
175 305 256 348 multos
264 291 398 360 magnosque
414 314 426 349 e·
442 305 503 349 coelo
514 302 679 367 mittit'imbres,
691 305 777 361 quibus,
789 291 845 360 cuae

67 386 138 430 hieme
154 386 234 442 frigida
249 391 272 430 et
287 390 391 441 tanquam
406 390 493 430 mortua
508 387 618 442 iacebant,
641 386 767 436 humectata
788 387 844 431 calc·

68 473 132 513 scunt
147 472 214 524 atque
230 469 258 512 ad
279 464 363 512 edenda
387 469 486 524 gramina
505 468 625 525 frugesque
648 469 749 513 ferendas
774 469 845 514 denuo

67 555 120 606 apta
138 551 267 609 efficiuntur.
304 551 348 594 Sed
367 553 434 596 etiam
453 556 531 606 sponte
551 551 592 599 boc
608 552 658 596 amri
673 555 772 606 tempore
787 537 845 595 vires

66 634 194 689 procreandi
214 637 296 676 terrae¹
309 639 443 678 renovantur
458 637 481 677 et
501 633 646 678 mediocribus
669 633 775 676 imbribus
798 634 843 677 lae-

67 715 134 758 tiores
155 719 242 770 segetes
262 715 284 758 in
303 715 374 759 lucem
394 715 519 769 eliciuntur,
539 717 611 768 nimiis
630 728 682 759 vero
699 714 844 759 defluentibus

66 797 116 852 plns
130 798 229 840 minusve
249 796 374 840 detrimenti
394 798 492 853 capiunt,
512 798 599 852 quippe
614 811 680 853 quum
699 802 760 849 terra
775 796 844 841 abun-

67 879 105 923 det
120 882 143 922 et
158 879 227 922 veluti
242 881 348 922 satiata
363 879 401 922 sit
417 892 494 934 aqua.
525 879 595 932 Quam
611 879 638 922 ob
653 892 707 932 rem,
724 878 845 934 agebantur

67 961 125 1004 enim
139 960 194 1004 haec
210 943 316 1004 solemnia
336 961 425 1011 ineunte
440 974 499 1015 rere,
518 960 663 1005 Athenienses
678 961 753 1004 lovem
767 959 845 1015 implo-

66 1042 151 1097 rabant,
167 1046 193 1086 ut
208 1042 297 1086 tandem
313 1042 389 1097 pluere
405 1043 497 1095 desinat,
516 1045 541 1085 ut
556 1054 626 1097 aquae
641 1042 742 1085 terrestri
757 1045 779 1086 et
794 1053 844 1085 coe·
896 1069 897 1073 =

65 1125 116 1168 lesti
135 1124 222 1168 modum
241 1128 319 1180 ponat,
339 1128 364 1167 ut
382 1124 485 1168 brevibus
506 1125 588 1168 dicam:
613 1123 788 1179 deprecabantur
804 1136 844 1167 sa·
871 1123 873 1127 '

67 1207 192 1251 tietatern
208 1192 309 1250 terrae.
347 1206 408 1249 Idem
424 1218 450 1249 ex
465 1205 538 1249 verbis
554 1205 620 1250 schol.
642 1205 670 1248 ad
685 1205 773 1249 Luciau.
790 1205 844 1248 Tim.

66 1302 84 1333 c.
101 1290 120 1332 7.
136 1288 307 1343 posterioribus:
347 1288 392 1334 Δία
415 1288 510 1333 αιαίνειν
530 1288 555 1331 δὲ
576 1288 601 1332 τὸ
618 1286 789 1347 ἀποτρέπεσθαι
805 1287 845 1339 τὰς

67 1370 137 1424 ἀνίας,
154 1384 210 1425 quae
221 1383 264 1413 non
275 1371 368 1413 eundem
384 1374 450 1424 atque
465 1370 541 1424 priora
555 1372 666 1413 auctorem
676 1369 757 1411 habere
767 1368 844 1412 uiden-

65 1458 110 1506 tur,
126 1453 169 1497 levi
183 1452 279 1496 admissa
288 1453 412 1496 coniectura
423 1451 574 1495 nanciscimur.
595 1450 668 1494 Verba
679 1451 737 1494 enim
748 1448 845 1510 ἀποτρέ-

66 1539 152 1579 πεσθαι
160 1534 201 1585 τὰς
210 1532 280 1586 ἀνίας,
292 1533 371 1588 quibus
381 1533 426 1578 Aio
436 1532 531 1577 αιαίνειν
542 1532 669 1587 explicatur,
680 1532 737 1575 idem
753 1531 799 1575 lere
815 1532 844 1575 si-

66 1614 171 1671 gnificare
180 1615 266 1669 debent,
277 1614 335 1669 quod
346 1614 405 1669 apud
419 1613 531 1680 Suuidam
542 1614 663 1674 διαφυγεῖν
675 1612 757 1666 αὐτοὺς
767 1611 845 1670 εάχαῖς

66 1696 177 1750 caelicas,
191 1696 442 1755 θίάαανρὲννεσθαι
457 1695 604 1749 depellere
619 1696 788 1750 propulsare
803 1694 845 1738 hoc

66 1781 113 1824 loco
129 1779 216 1832 valera.
226 1779 284 1833 quod
300 1790 496 1830 averruncare,
512 1777 651 1822 manifestum
667 1780 707 1821 est.
738 1775 781 1820 Sed
796 1789 845 1820 curn

66 1861 106 1913 νάς
127 1860 190 1912 ἀνίας
209 1860 346 1905 coniunctum
365 1859 449 1903 nullum
472 1859 564 1913 praebet
590 1870 684 1902 sensum.
715 1858 789 1911 Quare
804 1868 845 1913 pro

65 1944 105 1995 τάς
123 1942 187 1995 ἀνίας
203 1942 316 1986 emendem
328 1942 369 1993 νάς
381 1941 498 1994 πανίας,
519 1952 575 1995 quae
591 1952 633 1983 vox
645 1952 715 1995 paene
731 1940 808 1994 ignota
823 1939 845 1983 iu

67 2024 131 2077 ἀνίας
156 2024 220 2069 facilc
242 2026 317 2078 'potuit
339 2025 427 2067 mutari.
465 2023 546 2066 Dorica
570 2024 643 2065 autem
666 2023 750 2074 estet,
774 2023 799 2064 nt
818 2012 873 2086 ex‘¹

67 2106 130 2161 Papii
145 2108 215 2150 lexico
239 2106 309 2160 uideo,
333 2099 444 2159 Messapia
460 2104 547 2159 quidem
571 2101 721 2158 significatque
743 2103 846 2160 πλησμο-

67 2189 112 2246 νὴν.
147 2189 181 2231 Ea
199 2191 276 2242 poetas
297 2199 350 2230 usos
371 2199 426 2240 esse,
447 2185 572 2229 Athenaeus
588 2184 626 2228 ΠΙ.
642 2197 663 2239 p.
680 2185 729 2227 111.
746 2183 769 2228 O.
786 2183 850 2227 dicit..

68 2272 115 2315 Tali
131 2271 196 2313 modo
212 2272 311 2324 apparet,
329 2269 423 2323 quona'm
438 2267 528 2312 consilio
543 2267 580 2310 ille
595 2267 751 2320 grammaticus
767 2264 845 2309 ductus

67 2352 140 2406 fuerit,
156 2353 193 2406 qui
208 2352 314 2396 scholium
329 2355 428 2395 nostrum
443 2350 514 2403 auxitg
531 2348 612 2403 legenti
628 2348 685 2391 enim
700 2346 763 2402 ἐίσας,
778 2359 845 2392 vocu·
887 2395 888 2399 Ἰ

66 2436 109 2478 lam
129 2434 172 2476 iam
192 2434 334 2487 demortuam,
350 2434 373 2476 in
388 2435 483 2476 mentem
500 2433 520 2475 ei
536 2432 596 2474 uenit
612 2430 656 2473 alia
671 2429 747 2473 eadem
763 2428 847 2483 signifi-

67 2517 154 2560 catione
174 2528 217 2559 non
237 2515 308 2558 minus
323 2527 375 2559 rara
390 2519 413 2558 et
428 2514 503 2569 digna,
527 2525 593 2567 quam
609 2511 661 2556 data
674 2510 715 2556 hac
731 2511 845 2576 occasione

67 2599 163 2651 posteris
180 2597 284 2640 traderet.

138 2748 249 2816 Denique,
275 2759 333 2802 sicut
351 2762 399 2802 tota
418 2762 498 2802 natura
518 2758 624 2801 redeunte
645 2770 707 2812 vere⁷
733 2770 776 2801 non
797 2756 846 2800 dico

67 2844 188 2898 laetiorem,
209 2842 249 2887 sed
267 2854 345 2886 nouam
364 2852 456 2895 prorsus
471 2839 542 2885 induit
557 2838 641 2895 faciem,
657 2841 689 2883 ita
704 2850 791 2894 quoquc
805 2837 845 2881 ho·
