1798 3051
815 104 828 146 7

122 215 205 289 Quibus
221 234 367 278 Philostratus
378 236 466 288 poetam
481 233 554 277 dicere
569 233 664 276 voluisse
680 236 776 286 annotat,
792 231 828 278 dna

31 329 33 332 ’
50 309 110 370 Ζεὺς
129 319 164 375 εἲη
183 316 208 362 τὸ
228 314 353 373 ζωογονοῦν
374 315 409 359 καὶ
432 314 455 359 δί
476 311 505 359 οὗ
519 313 635 360 ἀνίσταται
650 314 678 357 τὰ
694 313 719 358 ἐκ
733 319 773 370 τῆς
787 319 828 371 γῆς

50 395 129 444 πάντα.
161 397 228 445 Cuius
249 397 379 440 sententiam
403 396 489 440 etiamsi
511 396 552 439 hoc
567 395 616 439 loco
631 407 702 449 neque
718 394 826 449 approba-

42 463 98 523 mus
117 492 188 534 neque
208 478 367 532 improbamus,
388 477 411 519 id
431 483 505 519 tamen
530 478 627 528 constat,
651 476 696 519 >iam
715 475 826 527 veteribus

49 561 108 604 baud
123 562 280 615 incompertum
297 558 376 612 fuisse,
388 559 461 601 anve
476 570 519 600 non
535 541 606 602 aliena
616 570 665 600 esse
675 556 714 600 iila
727 569 825 609 munera,

50 640 272 702 quaeterrestribus
296 640 337 683 diis
360 640 449 694 proprie
471 638 618 693 assignantur.
658 638 756 681 Eandem
779 651 825 681 rem

49 722 148 777 apertius
168 704 266 766 indicant
285 721 322 764 alii
342 733 432 773 versus,
446 721 503 774 'quos
518 720 639 762 Pausanias
654 716 681 763 X.
698 720 732 772 12,
749 720 777 762 10
791 719 801 761 f
816 742 824 750 -

29 845 32 850 ,
48 803 136 846 bulosas
152 802 258 845 Peleades
274 801 378 844 cecinisse
395 804 477 854 narrat,
494 800 573 855 quibus
588 813 631 843 non
647 800 739 844 obscure
749 799 824 854 Iuppi-

48 888 82 927 ter
98 888 171 927 terrae
185 884 420 927 maritusinvoeatur:
485 890 487 892 ’

122 1008 124 1010 ,
146 965 205 1017 Ζεὺς
221 961 254 1023 ἦν,
270 963 330 1016 Ζεὺς
342 961 396 1015 ἔστι,
412 962 472 1016 Ζεὺς
488 961 584 1016 ἔσσεται,
601 959 620 1007 ὦ
634 960 719 1020 μεγάλε
735 969 794 1010 Ζεῦ·

148 1051 168 1093 Γ
166 1052 182 1092 ἄ
196 1046 298 1106 καρποὺς
313 1044 371 1091 ἀνίει
387 1045 424 1091 did
440 1042 530 1105 κλῄζετε
545 1045 631 1106 μητέρα
648 1050 668 1091 Γ
665 1049 723 1091 αἶαν.

89 1138 90 1143 ’
118 1127 180 1171 Hanc
195 1140 247 1171 vero
265 1130 345 1171 terram
361 1130 454 1169 matrem
469 1139 512 1170 non
522 1126 587 1173 aliam
599 1139 647 1170 esse
661 1127 702 1170 nisi
714 1127 823 1180 Cererem,

47 1209 107 1253 cuius
128 1222 205 1253 nomen
226 1209 334 1253 Graecum
349 1195 479 1268 (Δημῆτηρ)
494 1207 536 1251 hoc
551 1208 622 1263 ipsum
637 1209 744 1263 exprimit,
761 1221 823 1252 nemo

47 1303 89 1333 non
105 1290 171 1334 videt.
202 1300 204 1302 ·
395 1274 396 1277 ¹
621 1334 622 1337 ,

109 1371 232 1416 ¹Generalis
256 1372 294 1415 ilia
312 1371 369 1415 Iovis
393 1371 462 1425 notio,
489 1370 553 1426 quam
576 1371 648 1425 modo
664 1371 823 1424 constituimus,

48 1453 156 1508 quomodo
180 1453 258 1496 deiude
280 1465 320 1508 pro
348 1453 434 1496 diversa
457 1453 592 1496 diversorum
615 1466 722 1518 pagorum
744 1457 824 1496 natura

47 1535 177 1599 diuerseque
192 1535 312 1578 incolarum
327 1535 399 1577 indole
415 1538 500 1577 mutata
515 1535 545 1577 sit
560 1538 583 1577 et
593 1536 676 1579 arctior
685 1535 744 1578 iacta
755 1539 821 1591 atque

46 1615 79 1658 ad·
97 1627 169 1658 mores
192 1615 302 1670 vitamque
325 1615 443 1675 publicam
460 1619 593 1670 temperata,
619 1616 695 1660 multis
719 1617 822 1671 exemplis

45 1700 120 1750 potest
140 1696 262 1739 monstrari.
298 1697 343 1738 Nos
359 1701 431 1740 tamen
448 1697 479 1739 de'
490 1698 563 1740 Attico
579 1701 663 1740 tantum
684 1698 736 1740 Iove
755 1710 821 1752 quae-

46 1790 98 1821 rere
110 1778 178 1821 iuuat.
216 1809 222 1813 ff

399 1989 417 2043 a.
448 1991 469 2032 a.

116 2092 142 2136 In
163 2093 247 2146 Attica,
266 2093 303 2136 ubi
318 2094 428 2137 hominurn
443 2095 514 2149 prima
530 2096 616 2138 cultura
631 2096 707 2150 reique
722 2096 822 2150 publicae

45 2174 153 2218 institutio
173 2174 200 2218 ab
221 2174 280 2230 agris
301 2175 397 2219 colendis
416 2176 485 2220 initia.
495 2180 607 2231 ceperunt,
624 2176 681 2219 Iovis
698 2177 740 2221 vim
756 2181 823 2234 atque

45 2256 152 2299 actionem
168 2256 190 2300 in
206 2240 395 2301 coeii'serenitate
411 2258 577 2313 pluviarumque
592 2245 748 2312 vicissitudine,
766 2259 822 2302 unde

46 2339 93 2380 tota
111 2338 192 2392 pendet
212 2350 315 2393 agrorum
336 2338 442 2392 conditio,
465 2339 517 2394 poni
543 2340 646 2393 oportuit,
683 2342 823 2395 Quapropter

46 2431 94 2480 eum
114 2432 158 2462 una
177 2432 225 2463 cum
246 2420 337 2475 reliquis
360 2420 450 2464 Graecis
465 2422 574 2480 Atdproa
590 2419 677 2474 Ὑέτιον,
694 2424 822 2482 Νεφεληγε-

46 2499 121 2560 parav,
142 2502 286 2562 Κελαινεφῆ,
305 2498 432 2562 Kapuovmv
463 2505 485 2545 et
506 2502 570 2546 aliter
586 2502 733 2557 appellabant.
774 2503 822 2547 Tali

45 2582 108 2625 modo
130 2583 183 2627 deus
205 2584 339 2639 agrarius
360 2584 431 2628 iactus
453 2587 496 2637 est,
521 2585 558 2640 qni
573 2598 637 2637 rura,
661 2598 714 2629 arva
728 2566 822 2641 benigne

44 2662 140 2718 foveret,
162 2677 175 2707 a
196 2678 239 2731 quo
255 2662 358 2721 agrorum
373 2655 492 2721 proventus
509 2670 531 2728 et
546 2667 715 2710 foecunditatem
731 2681 822 2723 gregum

45 2745 163 2799 sperabant
184 2750 206 2790 et
220 2747 261 2790 cui
280 2748 325 2791 voti
346 2751 457 2802 compotes
477 2749 560 2803 gratias
577 2748 676 2804 agebant.
709 2750 820 2804 Antiquis-

44 2826 104 2870 simis
122 2828 258 2883 temporibus
279 2844 292 2872 a
313 2830 409 2884 Cecrope
431 2830 451 2873 ei
470 2843 533 2875 saera
549 2834 571 2875 et
587 2844 614 2874 ea
629 2831 743 2874 incruenta
758 2831 821 2874 insti-
