1798 3051
775 98 803 141 at

26 245 72 288 (νος
86 226 216 286 ἐπιφωνεῖν.
251 227 277 269 In
300 226 369 280 prima
384 226 475 270 Diodori
490 225 687 280 verborum'parte
702 222 803 270 Ἐπιδώ-

26 327 65 367 την
80 308 172 362 tatere1)
189 320 281 362 eumque
296 307 503 365 Ἁηαδδνδαίμονα
519 307 631 362 appellari,
646 309 724 361 sponte
735 320 802 361 appa-

26 394 67 435 ret.
104 389 147 433 Sed
168 389 242 433 eodern
263 391 350 433 nomine
371 391 436 433 etiam
456 395 551 450 Σωτῆρα
574 388 802 443 comprehendendum

27 484 82 525 esse,
98 471 151 514 mihi
167 471 253 526 quidem
270 471 323 514 satis
340 475 422 515 certum
439 474 479 514 est.
510 472 632 526 Utriusque
648 472 706 514 enim
717 471 803 513 nomine

27 566 129 597 arcanam
149 531 264 607 quandam.
278 566 349 607 neque
369 553 477 596 humanae
497 554 564 597 menti
580 552 744 607 intelligendam
759 554 803 596 vim

27 637 156 679 terrestrem
179 633 307 688 significari,
333 635 397 690 paulo
414 639 464 677 ante
487 635 580 677 vidimus
604 638 626 677 et
645 638 761 688 utrumque
780 637 804 676 ut

26 719 84 761 inter
103 727 127 760 se
146 716 333 770 propinquumin
353 716 464 758 vicinitate
486 718 555 760 cultos
575 728 634 767 esse,
655 716 804 760 ePausaniae

26 797 85 842 VIII.
93 798 114 850 9,
131 799 150 841 1.
167 798 290 841 testimonio
306 800 526 841 commemoravimus.
559 798 606 850 Quo
621 811 687 852 quum
704 797 802 850 accedat,

26 884 121 939 Σωτῆρα
136 891 177 933 pro
191 878 330 940 Ἐλευθερίῳ
345 892 410 933 saepe
427 892 534 933 occupare
549 881 619 923 Iocum
639 882 662 922 et
676 875 804 936 Ἐπιδώτης

27 945 193 1016 cognomentum
204 959 294 1018 Ὕπνῳ
310 960 383 1014 tribui,
399 973 424 1003 eo
435 962 505 1015 magis
521 973 596 1003 eorum
611 960 704 1004 affinitas
721 961 802 1004 elucet.

27 1044 99 1096 Quare
119 1044 195 1086 ultima
214 1042 305 1086 Diodori
321 1042 397 1096 verba,
420 1055 475 1097 quae
491 1043 617 1085 discernere
636 1042 694 1086 inter
715 1055 752 1086 eos
771 1044 803 1087 vi-

27 1125 117 1178 dentur,
139 1136 182 1167 non
197 1127 312 1178 tantopere
321 1137 440 1179 urgemus,
461 1124 500 1167 sed
515 1124 601 1184 φασίν
616 1126 690 1178 potius
705 1124 802 1167 voculam

28 1206 91 1250 initio
107 1208 202 1259 positam
218 1208 323 1260 tenemus,
339 1219 382 1261 qua
398 1205 542 1250 differentiam
558 1207 674 1259 nominum,
690 1208 713 1250 in
728 1206 803 1261 reiigi-

27 1289 74 1332 ouis
89 1288 153 1331 modo
170 1290 220 1331 actu
236 1288 342 1332 creditam
363 1290 385 1330 et
401 1288 481 1341 duplici
496 1288 598 1336 libamine
613 1289 754 1343 declaratam,
770 1289 803 1331 in-

27 1370 94 1413 dicari
110 1369 227 1414 verisimile
243 1372 283 1414 est.
314 1370 366 1424 Ipsa
382 1369 475 1425 denique
490 1369 682 1425 libaminapuum
693 1376 744 1424 post
755 1383 803 1414 coe-

27 1465 75 1495 nam
91 1452 200 1506 pautoque
216 1464 268 1506 ergo
284 1454 335 1496 ante
351 1464 416 1506 quam
427 1452 523 1495 cubitum
534 1453 610 1517 iretur,
626 1452 802 1505 observarentur,

26 1532 123 1590 Ἀγαθὸν
142 1534 244 1590 δαίμονα,
265 1533 302 1587 qut
322 1534 380 1577 inter
397 1528 525 1590 Ἐπιδώτην
545 1537 567 1576 et
582 1538 677 1594 Σωτῆρα
693 1534 803 1588 dividitur,

27 1617 112 1658 somni
128 1617 283 1670 mortisque
299 1615 409 1669 genium
425 1614 500 1668 fuisse,
525 1616 649 1682 ostendunt,
673 1617 749 1671 sicque
764 1629 802 1659 no·

26 1711 78 1742 rum
93 1697 208 1741 exhibetur
223 1697 509 1752 exemplumeuphemismi-.

37 1789 38 1794 ¹
96 1779 130 1823 De
152 1777 248 1837 Ἀναδηῖ
270 1779 361 1835 δαίμονι
385 1778 439 1821 haec
459 1778 545 1832 quidem
568 1780 682 1834 hactenus,
706 1792 762 1835 quae
785 1781 804 1824 si

26 1861 125 1916 pluribus
141 1874 329 1916 persequeremur,
345 1860 409 1916 longe
426 1863 496 1905 oratio
511 1860 653 1917 aberraret.²)

372 2059 390 2115 ἓ·
422 2061 456 2116 15.

92 2147 178 2208 Fateor
194 2165 293 2220 equidem
308 2167 406 2220 potuisse
422 2164 476 2220 fieri,
491 2169 517 2209 ut
531 2166 631 2221 Iuppiter
646 2169 736 2220 propter
752 2179 801 2209 coe-

26 2244 102 2292 lestem
122 2260 184 2291 suam
202 2251 302 2292 naturam
321 2248 459 2303 omniumque
471 2247 581 2302 ,bonorum
596 2247 712 2302 benignam
722 2248 802 2291 ‘distri-

26 2327 138 2373 butionem
155 2329 304 2375 Πλουσίου
323 2331 358 2375 vel
377 2329 530 2397 Πλουτέως
548 2331 583 2388 vel
598 2327 801 2375 Πλουτοδὸτου

99 2576 111 2626 ¹)
126 2577 151 2617 cf.
170 2578 231 2617 Paus.
249 2578 305 2617 VIII.
324 2579 341 2627 9,
361 2580 378 2616 1,
396 2576 415 2627 ξ.
435 2579 466 2616 12.
485 2577 518 2623 cit.
534 2579 555 2616 et
571 2576 640 2627 Steph.
660 2576 723 2617 Thes.
741 2576 801 2626 Ling.

27 2641 100 2682 Graec.
116 2655 131 2682 s.
146 2654 165 2681 V.
179 2646 283 2690 Δωδωναῖος,
298 2653 350 2691 quae
366 2641 413 2681 inde
428 2640 539 2692 derivatur,
554 2642 610 2691 quod
623 2641 715 2692 Iuppiter
733 2642 802 2680 hona

27 2705 69 2746 dat
79 2706 244 2757 hominibusttu
257 2707 321 2747 titano
333 2709 371 2761 ἡμῖν
383 2712 405 2747 τὰ
417 2711 488 2760 ἀγαθά).
509 2705 525 2757 ²)
539 2706 586 2747 Vid.
596 2705 696 2746 (derhard.
710 2707 732 2745 in
743 2705 802 2745 Actis

26 2770 91 2812 Acad.
111 2771 180 2814 Berol.
205 2774 262 2819 1847,
289 2771 371 2823 „Ueber
391 2770 564 2822 Agathodaemon
588 2771 630 2811 uud
643 2771 702 2811 Bona
716 2767 769 2810 dea“
782 2782 802 2821 p.

25 2836 70 2877 461,
86 2836 156 2887 seqq.'
