1798 3051
83 106 165 149 20*

83 232 211 288 pilcandum-
227 236 267 276 est.
297 232 397 276 Revera
416 233 474 275 enim
489 231 559 276 tristis
575 236 624 275 erat
640 235 662 274 et
677 235 725 275 ater
741 230 860 286 sacrisque,

83 314 162 370 quibus
182 313 257 357 hilaris
277 317 448 367 mansuetusque
467 311 541 367 fieret,
567 312 697 367 placandus,
718 317 741 355 et
756 312 814 365 quod
832 311 861 355 ad

83 394 255 449 euphemismum
275 387 365 447 attinet,
385 394 423 437 illa
443 396 539 448 numina,
556 406 648 448 quorum
665 394 728 437 sedes
744 392 784 437 sub
800 397 860 436 terra

84 489 133 520 esse
148 476 293 531 fingebantur,
310 488 446 530 quorumque
462 481 541 520 natrua
554 471 626 519 'tristis
642 478 665 518 et
677 474 775 520 malefica
784 475 860 518 crede-

83 559 155 610 batur,
171 571 222 618 non,
230 558 319 612 proprio
335 557 421 600 nomine
430 556 570 612 appellabant
584 569 655 611 neque
666 556 802 609 invocabant,
814 555 859 609 sed,

82 652 110 682 ne
129 652 205 682 eorum
225 640 279 682 iram
301 643 324 682 et
338 639 453 682 malitiam
471 638 602 691 excitarent,
628 651 682 681 neve
703 638 745 681 sibi
764 624 817 691 ipsis
837 637 860 679 in

83 721 211 765 memoriam
231 724 378 773 revocarent,
389 724 427 763 aut
442 724 467 764 ut
482 720 568 763 omnino
584 720 664 762 malum
680 732 743 763 omen
758 719 859 771 vitarent,

82 801 211 846 adulatoriis
228 805 294 856 atque
306 791 387 846 ¹faustis
406 803 555 855 cognomentis
576 804 669 862 utentes,
691 814 766 845 eornm
786 800 859 855 potius

82 883 257 927 benevolentiam
277 884 440 942 praeoccupare
459 882 584 926 studebant.
628 881 663 925 Sic
683 894 701 924 e.
722 894 742 936 g.
758 881 859 925 Furiae

83 967 114 1009 ita
132 964 276 1019 timebantur,
296 969 322 1009 ut
342 976 386 1007 non
406 964 470 1008 aliter
489 965 532 1009 nisi
552 962 674 1020 Εὕμειίδες
693 969 731 1008 aut
752 964 859 1010 ,Γλυκεῖαι

83 1048 121 1090 aut
136 1047 220 1102 Σεμιιιί
235 1046 406 1100 appellarentur.
437 1045 521 1089 Eadem
536 1045 563 1102 de
579 1057 646 1088 causa
660 1049 797 1089 mortuorum
812 1044 858 1087 ani-

83 1132 131 1172 mae
146 1126 247 1186 Χρησιοί
262 1131 301 1171 aut
316 1119 436 1183 Μειλίχιοι
448 1126 587 1171 dicebantur.
595 1126 611 1181 1)
669 1114 671 1116 ¹

154 1197 237 1261 Quibus
264 1197 380 1263 expositis,
406 1221 536 1263 persuasum
560 1207 675 1261 habemus
707 1207 858 1251 Milichium

79 1291 207 1334 Diasiorum
233 1288 416 1333 solemnitatibus·
438 1277 580 1333 celebratum
599 1292 698 1333 natura
723 1287 859 1333 terrestri

81 1373 168 1417 fuisse
193 1371 345 1426 eademque
369 1374 443 1424 atra,
458 1370 550 1423 tristi,
567 1370 661 1424 gravi,
677 1369 798 1423 piaculis
813 1370 858 1413 mi-

81 1441 204 1507 liganda.

430 1650 448 1706 s.
481 1651 514 1694 ιι.
593 1676 647 1686 «η

153 1755 201 1800 Tali
216 1756 280 1799 modo
296 1769 339 1799 non
359 1755 457 1799 dubitavi
473 1755 501 1798 ad
517 1756 545 1799 Os
557 1754 583 1798 0.
599 1755 713 1799 Mlilleri
728 1755 859 1799 senteutiam

82 1837 192 1891 accedere,
209 1838 246 1892 qui
261 1837 385 1893 Μειλίχιον
401 1841 423 1880 et
437 1835 540 1883 Χθόνιον
555 1836 630 1880 Iovem
645 1836 739 1881 eundem
754 1847 803 1880 esse
813 1836 858 1893 pri-

82 1932 130 1963 mus
147 1919 201 1962 dixit
217 1908 326 1974 (Aeschyl.
342 1919 494 1973 Eumenidp.
511 1918 571 1973 139).
590 1938 592 1941 ·
608 1918 664 1962 Nam
680 1930 736 1972 quae
752 1918 858 1961 Prelle·

81 2015 139 2054 rus,
163 2002 197 2044 vir
220 2001 298 2046 doetus
322 2003 344 2044 et
367 2001 395 2045 de
417 2001 551 2056 mythologie
574 2002 664 2055 antiqua
689 2001 745 2045 hene
768 2000 859 2044 meritus

81 2082 216 2137 (Demeter
231 2082 285 2124 und
300 2082 475 2135 Persephone
491 2095 513 2136 p.
521 2082 571 2125 246.
582 2076 649 2137 not),
667 2086 743 2124 contra
754 2081 858 2134 disputat,

80 2163 139 2208 facili
153 2164 241 2218 negotio
258 2163 327 2207 refelli
343 2168 487 2218 possunte
503 2164 579 2207 Mouet
594 2167 669 2207 autem
678 2165 779 2218 primum,
795 2163 858 2207 Dio-

81 2246 186 2299 nysium
206 2246 274 2289 fuisse
295 2245 382 2301 quidem
397 2246 521 2302 Μειλίχιον
537 2245 677 2300 appellatum,
694 2246 734 2290 sed
749 2258 792 2289 non
806 2246 860 2301 ‘quia

80 2324 192 2381 Χθόνιος,
216 2328 254 2372 sed
282 2329 334 2383 quia
357 2327 423 2371 deus
439 2327 511 2373 ficus
527 2328 599 2372 fuerit.
638 2328 667 2372 At
689 2328 762 2372 ficus
783 2328 859 2372 eadem

81 2411 108 2453 de
124 2422 189 2454 causa
205 2422 217 2452 e
233 2409 365 2464 frugibus
382 2409 467 2463 signum
483 2409 623 2453 terrestrium
638 2408 729 2452 deorum
738 2411 858 2464 proprium,

81 2504 124 2547 quo
140 2491 292 2536 foecunditatis
308 2494 410 2535 auctores
425 2491 582 2544 indicarentur,
605 2490 712 2535 attributa
735 2503 784 2535 esse
799 2492 859 2553 vide-

80 2577 127 2627 tur,
149 2586 192 2628 qua
211 2585 248 2617 sus
269 2586 300 2617 ex
316 2571 500 2627 animalibus,
516 2585 581 2627 quam
597 2572 672 2617 Cereri
691 2575 808 2629 praecipue
824 2588 858 2619 sa-

154 2836 166 2888 ')
181 2836 206 2877 cf.
221 2835 240 2887 ξ.
254 2838 274 2876 b.
288 2836 358 2886 ibique
372 2836 478 2876 Plutarchi
491 2838 513 2879 ll.
527 2838 549 2878 ll.
