1798 3051
778 80 807 123 39

31 209 124 267 ἠξίωσεν
144 209 209 256 οὐδὲν
228 216 306 263 θῦσαι,
326 210 431 266 πέμματα
452 211 477 254 δὲ
491 205 604 270 ἐπιχώρια
619 208 657 253 ἐπὶ
673 213 714 253 τοῦ
728 212 808 264 βωμοῦ

30 287 164 352 καθήγισεν,
185 290 199 335 c‘c'
219 289 331 343 πελάνους
346 293 453 336 καλοῦσιν
468 289 501 335 ἔτι
516 293 554 343 καὶ.
570 291 593 342 ἐς
609 289 668 346 ἡμᾶς
683 289 807 346 Ἀθηναῖοι.

30 397 60 403 —
73 373 179 417 adversus
199 386 239 417 uos
258 372 393 428 pugnabunt.
414 373 520 428 vCecropi
541 374 607 426 enim,
621 386 634 415 a
650 383 692 426 quo
708 374 807 413 veterum

30 457 153 499 Atticorum
173 456 218 499 vite
229 460 335 509 'eousque
350 455 411 498 rudis
427 456 492 500 certis
508 454 592 510 legibus
609 454 727 512 liberisque
743 453 806 496 insti-

30 538 84 580 tutis
100 541 123 580 et
138 540 197 592 egris
213 537 309 581 rolendis
325 536 448 581 assuefacta
464 540 486 579 et
501 538 601 592 mitigate
617 549 665 580 esse
681 536 805 590 putabatur:
834 534 837 538 ’

30 618 83 663 nihil
102 632 154 662 sene
173 621 242 673 magis
263 621 335 673 potuit
356 619 417 663 cordi
434 631 494 672 esse,r
511 610 575 673 quom
591 631 653 662 suere
669 619 717 673 lege
732 620 805 672 provi-

30 701 88 754 dere,
105 713 133 744 ne
149 701 201 755 quid
217 713 229 743 e
244 704 339 745 mactato
354 700 436 754 pecude
452 701 587 764 agrieultura
602 700 726 753 detrimenti
742 712 805 753 oepe-

29 787 70 826 ret.
91 782 166 835 Quod
187 783 205 825 si
225 783 268 826 iem
288 785 352 825 autea
372 781 412 825 diis
431 782 517 826 nonnisi
536 795 592 836 pura.
613 782 686 825 obluta
706 781 805 834 fuissent,

30 877 79 907 eum
94 863 193 919 profecto
210 864 237 907 de
252 864 293 906 hoo
309 876 333 906 re
349 864 419 918 legem
434 864 492 907 ferre
508 877 597 908 neeesse
614 876 656 906 nou
671 863 718 917 fuit,
735 876 806 918 oeque

30 947 96 989 etiem
112 947 227 1001 quisquam
243 949 290 1000 erit,
307 947 345 1000 qui
361 946 425 998 [lieet
442 949 493 989 aute
510 946 627 1001 Ceoropem
643 945 702 988 nulle
719 947 804 989 omniuo

30 1021 134 1073 secrifieie
149 1027 222 1072 fuisse.
254 1027 311 1071 illud
327 1030 399 1070 temen
414 1040 428 1070 a
443 1026 539 1083 Cecrope
556 1030 666 1082 sapienter
681 1027 805 1071 institutum

30 1122 72 1152 nou
89 1109 125 1152 diu
146 1110 253 1164 riguisse⁷
273 1109 312 1152 sed
330 1104 415 1154 Atticos
434 1110 462 1152 nd
485 1110 579 1163 priorem
602 1122 683 1153 morem
707 1110 804 1161 rediisse,

28 1192 85 1235 idem
106 1192 256 1236 Pausanias
272 1191 340 1245 L28,
358 1192 383 1234 tt
401 1192 454 1234 etl.
471 1192 506 1245 24,
522 1192 537 1234 4
553 1190 589 1234 ubi
605 1191 630 1235 de
646 1193 804 1237 Διῐπολίον

29 1274 63 1316 vel
81 1273 248 1332 Βουφονίων
265 1272 344 1316 ritibus
365 1279 386 1316 et
402 1273 487 1327 origiue
502 1273 605 1328 loquitur,
622 1273 737 1332 memoriae
753 1286 803 1327 pro-

29 1356 89 1398 didit.
130 1356 212 1399 Narrot
235 1360 308 1398 autem
331 1355 353 1397 in
376 1354 433 1397 huuc
452 1354 498 1398 iere
517 1354 615 1398 modum:
647 1354 803 1399 Erechtheo

29 1439 134 1491 regnante
150 1451 163 1480 o
178 1435 304 1479 muneribus
314 1436 361 1479 Iovi
377 1437 473 1480 πολιεῐ
488 1436 571 1489 poro-tis
586 1441 612 1480 et·
626 1438 699 1480 tritico
710 1436 803 1481 hordeo-

29 1531 71 1573 que
91 1519 217 1572 oompositis
239 1517 314 1561 bovem
331 1517 434 1561 ierrrbisse
450 1518 542 1572 ideoque
559 1531 571 1560 a
587 1518 701 1562 sneerdote
717 1532 803 1563 caesum

29 1612 83 1644 esse.
123 1600 225 1652 Quamvis
246 1612 298 1642 vero
317 1599 353 1642 iile
368 1602 459 1653 propter
475 1599 577 1642 violatum
594 1613 679 1643 socrum
701 1599 803 1655 Cecropis

29 1682 111 1738 legem,
131 1686 157 1726 ut
172 1693 265 1736 poenum
280 1682 368 1736 vitaret,
385 1684 458 1725 stetim
474 1681 496 1723 iu
513 1681 600 1736 Cretam
617 1682 745 1737 aufugisset,
770 1687 803 1726 tu-

28 1776 77 1806 men
93 1776 119 1806 er
135 1765 170 1807 iilo
187 1766 285 1818 tempore
302 1763 328 1806 nb
344 1763 474 1808 immolando
491 1776 516 1806 eo
533 1763 567 1807 die
582 1763 637 1806 boue
653 1777 695 1807 uon
710 1765 803 1810 desitum

28 1858 86 1898 esse,
108 1845 168 1889 hisee
188 1845 310 1888 observatis
330 1845 484 1889 coeremoniis:
504 1845 537 1889 dd
550 1845 608 1888 Iovis
624 1858 683 1889 ormo
701 1859 724 1888 re
740 1859 804 1891 soom

27 1929 157 1971 instructam
167 1927 194 1970 eb
210 1927 339 1975 hominibus,
357 1928 393 1981 qui
404 1927 455 1969 inde
467 1922 645 1987 Κεντριοὶόοι
661 1928 802 1973 nominaban-

27 2012 70 2062 tur,
86 2009 153 2053 boves
169 2008 320 2063 adigebantur.
352 2009 448 2061 Quorum
464 2010 493 2061 is,
515 2012 553 2064 qui
573 2009 669 2053 triticum
685 2009 801 2053 hordeum-

27 2104 69 2145 que
78 2093 212 2146 gustavernt,
221 2090 248 2133 ab
257 2090 312 2145 ariis,
322 2090 358 2145 qui
375 2089 520 2135 Bourdrror
536 2091 570 2134 vel
586 2097 606 2135 R
612 2109 623 2134 ο
631 2089 729 2150 οφόοοι
743 2091 802 2136 dice·

26 2173 117 2226 bontur,
139 2172 278 2216 occidebatur
297 2176 319 2216 et
338 2185 350 2215 o
370 2178 508 2233 Δοιοροῖς
528 2172 683 2216 dissecabatur.
715 2175 743 2216 dt
759 2174 802 2228 itte,

26 2257 63 2310 qui
79 2252 197 2307 Bourdrrog
212 2254 289 2307 fuerat,
306 2247 392 2298 ebieote
408 2256 480 2299 securi
495 2254 594 2309 fugiebat
609 2259 631 2297 et
641 2256 703 2298 initio
715 2257 801 2309 quidem

10 2329 135 2391 ,nunquam
156 2349 293 2380 reversurus.
330 2337 376 2389 Quo
397 2336 454 2388 furto
471 2336 551 2379 nemini
566 2338 608 2380 uisi
623 2337 713 2380 relietne
730 2339 801 2382 securi

25 2422 126 2472 patratae
147 2418 219 2462 coedis
244 2420 307 2472 eulpa
326 2418 429 2473 imputari
449 2422 471 2461 et
488 2431 554 2461 reuse
570 2418 612 2462 diei
628 2420 706 2472 potuit.
738 2420 801 2464 Unde

25 2504 126 2555 apparet
148 2504 233 2543 veteres
254 2500 405 2552 Athenienses,
428 2501 526 2555 qtrmuvis
542 2501 580 2543 tuli
597 2500 712 2545 observate
728 2514 801 2546 eaere-

25 2584 96 2626 monio
117 2583 221 2637 antiquae
242 2585 264 2625 et
284 2595 359 2626 sooree
378 2582 422 2636 legi
442 2583 545 2636 pietatem
566 2582 665 2626 illoesa-m
686 2584 800 2636 volueriut,

25 2667 116 2707 eruente
131 2667 203 2707 tomen
220 2664 327 2708 sacrificio
342 2666 466 2708 necessarie
482 2677 537 2717 esse,
554 2665 679 2708 credidisse.

94 2746 179 2801 Itaque,
202 2741 260 2801 quod
280 2748 301 2790 iu
318 2748 378 2791 cultu
394 2747 497 2798 Ι-’ίολιέος
512 2751 619 2790 mutatum
636 2760 684 2792 esse
701 2748 799 2800 uidimus,

23 2828 80 2872 idem
97 2842 135 2873 eur
146 2841 188 2870 uon
204 2829 231 2871 de
248 2829 350 2871 uniuerso
366 2829 424 2882 opud
441 2828 585 2872 Athenienses·
603 2830 661 2873 Iovis
677 2829 736 2873 cultu
753 2843 799 2885 ere-
