1798 3051
77 102 105 147 36

75 235 126 276 ratu
141 233 264 287 digniorum
284 234 422 288 potissimum
441 233 574 280 mentionem
588 234 662 288 faciat,
678 237 770 279 cruenta
785 236 852 280 sacri·

74 313 124 359 ficia
143 314 229 359 silentio
249 316 314 359 modo
334 316 451 371 transisse,
480 329 523 360 non
543 321 616 362 autem
640 329 730 372 prorsus
752 329 852 372 negasse.

75 396 160 442 Deinde
180 411 232 442 vcro
252 401 379 452 corruptam
396 398 437 454 hoc
457 399 505 442 loco
525 398 640 444 lectionem
655 410 703 443 esse
720 399 852 454 existimans,

74 492 114 535 pro
136 479 234 540 „t'iopcril
255 479 278 526 ἕν
293 475 309 540 ᾗ
323 482 436 539 πανδημεὶ
451 478 536 526 θύουσι
550 482 632 527 πολλοὶ
647 479 688 538 ov'y
704 481 776 541 ἱερεῖα
795 480 853 528 ἀλλὰ

68 558 168 620 ’θύματα
183 559 310 621 ἐπιχώρια“
327 562 465 608 scribendum
480 564 595 619 proposuit
612 559 709 621 »θύουσι
725 564 757 608 δὲ
771 565 852 610 πολλοὶ
871 590 872 593 ¹

75 642 117 702 οὐχ
135 645 214 706 ἱερεῖα,
235 642 305 703 ἁγνὰ
325 645 350 690 δὲ
369 643 482 703 11151111αέ
516 645 753 705 ’1111111111111111
772 647 852 702 partim

77 739 89 770 e
105 727 223 771 scholiasta
243 726 271 771 ac
290 726 348 772 nunc
366 728 436 773 iocum
455 727 589 783 rnueynus
607 728 687 783 parum
707 741 719 773 e
734 728 852 774 Polluce
871 713 874 723 '

75 807 187 854 Onomast·
201 809 219 852 Ι.
235 810 270 854 26.
319 811 353 856 Τὰ
376 810 401 855 δὲ
423 807 584 870 ἆρώματακαὶ
592 807 728 868 θυμιάματα
742 814 852 865 καλεῖται,

75 891 217 950 Θουκυδίδης
242 889 325 937 δἀὕτὰ
347 894 437 954 ἐἴρηκεν
462 890 533 950 ἁγνοὶ
558 889 650 950 θύματα
672 917 701 924 -
724 893 852 951 defendit1]

73 972 191 1030 Vulgatam
211 986 289 1030 rursus
303 972 418 1021 lectionem
433 977 589 1031 receptumque
607 987 701 1029 sensum,
717 987 760 1039 quo
776 976 803 1020 de
818 976 852 1019 in·

76 1056 173 1101 cruentis
193 1059 279 1100 tantum
299 1056 411 1101 sacrificiis
430 1068 552 1101 sermonem
571 1070 620 1101 esse
638 1057 748 1111 volebant,
764 1058 852 1102 Duke-

73 1138 144 1194 1112)
164 1139 222 1182 tueri
241 1138 336 1195 studuit,
352 1139 411 1188 nullo
427 1141 500 1182 tamen
516 1146 601 1183 eventu.
630 1139 787 1183 Bredovius
804 1143 852 1184 tan-

74 1220 123 1264 dem
141 1221 185 1264 illis
206 1220 278 1265 verbis
298 1234 348 1265 mea
366 1221 454 1276 quidem
473 1219 582 1266 sententia
604 1220 778 1265 haud‘ohscuris
794 1220 852 1266 facili
888 1213 890 1217 ’

73 1304 161 1360 negotio
175 1295 246 1348 lucem
262 1301 337 1347 attulit
351 1302 460 1358 virgulam
475 1305 527 1358 post
541 1300 626 1348 θύουσι
641 1315 731 1359 ponens⁷
748 1308 771 1347 et
780 1303 852 1349 locum

73 1385 104 1429 ita
126 1385 252 1429 distinctum
275 1397 341 1440 quum
364 1385 407 1440 alii,
431 1384 509 1440 quibus
533 1384 654 1429 disserendi
673 1384 700 1428 de
720 1397 746 1428 eo
767 1385 851 1431 occasio

73 1466 144 1523 inca
158 1470 207 1510 tum
223 1466 318 1510 editores
335 1466 467 1523 Thucydidis
483 1468 616 1512 recentiores
637 1466 683 1511 fere
699 1467 799 1524 omnes4]
815 1479 851 1511 ac·

73 1552 186 1604 ceperunt.
217 1548 278 1593 Inter
292 1549 426 1594 recentiores
446 1552 519 1592 tamen
542 1548 597 1597 hanc
613 1548 715 1593 Bredovii
738 1548 851 1604 interpun-

74 1630 168 1674 ctionem
183 1629 219 1673 0.
245 1629 282 1672 Fr.
308 1629 484 1674 Hermannus
508 1629 580 1674 denuo
595 1630 737 1685 impugnavit.
777 1630 851 1674 Primo

20 1747 22 1750 .
74 1712 161 1767 quidem
179 1711 202 1754 in
220 1710 286 1766 libro,
309 1724 373 1766 quem
393 1712 420 1755 de
440 1711 574 1756 Graecorum
596 1711 763 1767 antiquitatibus
783 1711 851 1756 sacris

74 1793 207 1848 conscripsit
225 1791 402 1848 (Gottesdienstl.
423 1792 573 1837 Alterthiimer
598 1793 617 1849 ξ.
637 1793 673 1837 25.
692 1806 712 1837 n.
734 1793 771 1849 8.),
792 1793 852 1837 nulla

73 1875 149 1920 addita
164 1887 230 1919 causa
244 1887 285 1929 pro
300 1874 382 1920 πολλοὶ
396 1875 481 1930 legerat
496 1873 575 1921 aona
607 1875 690 1920 Deinde
705 1887 758 1920 vero
773 1875 851 1921 dehac

73 1960 149 2001 nostra
171 1970 195 2001 re
216 1957 367 2011 quaestionem
387 1956 851 2013 1111111115)1111111111111111,1111

147 2272 159 2323 Ι)
181 2272 251 2312 Solum
272 2271 326 2310 enim
350 2271 372 2310 in
394 2271 449 2311 hunc
467 2270 597 2322 Thucydidis
617 2272 684 2311 locum
703 2271 740 2311 illa
760 2272 851 2312 Pollucis

73 2341 117 2390 ἁγνὰ
134 2341 200 2387 θύματα
223 2335 331 2385 quadrant.
365 2336 407 2376 Sed
425 2348 487 2386 quam
503 2335 583 2375 infirma
601 2336 628 2375 sit
640 2334 791 2375 Hemsterhusii
805 2348 852 2376 con-

72 2400 162 2451 iectura,
179 2400 220 2439 iam
232 2400 245 2440 J
250 2411 437 2449 ungermannns
452 2397 487 2450 (ad
494 2400 508 2441 l.
517 2412 534 2440 c.
548 2398 636 2452 Polluc.)
650 2398 708 2449 vidit,
723 2400 758 2449 qui
771 2401 852 2440 Platon.

74 2463 100 2504 de
112 2465 153 2515 leg.
167 2465 202 2504 VI.
216 2477 236 2514 p.
251 2466 296 2504 782.
318 2468 386 2514 Θύματά
401 2482 420 2504 τε
436 2467 465 2504 οὐκ
481 2468 502 2520 ἦν
518 2458 574 2508 ahteis
590 2468 634 2513 ζῶα,
649 2465 718 2503 artavit
733 2466 789 2504 δὲκαὶ
801 2467 852 2514 μέλιτι

74 2530 133 2578 καρποὶ
145 2532 239 2578 δεδευμένοι
250 2530 277 2566 καὶ
288 2539 358 2568 τοιαῦτα
370 2532 461 2583 ἄλλαάγνὰ
473 2532 544 2579 θύματα·
557 2528 645 2568 laudans
659 2529 733 2578 monet,
746 2528 852 2567 Pollucem

74 2592 198 2642 „vacillante
211 2588 322 2631 memoria“
335 2604 373 2642 pro
386 2593 473 2631 Platone
487 2591 631 2643 Thucydidem
641 2591 756 2642 scripsisse.
790 2590 805 2643 ²)
819 2591 852 2631 Ad

73 2657 88 2697 1.
105 2669 122 2697 c.
140 2655 206 2695 Thnc.
225 2656 241 2695 I.
261 2657 306 2695 126.
325 2655 380 2706 apud
397 2657 528 2707 Popponem.
560 2655 575 2705 3)
589 2655 679 2695 Oreuzer
696 2654 766 2705 Syrnh.
780 2655 818 2696 ΠΙ.
831 2667 852 2706 p.

74 2722 120 2761 112.
138 2718 239 2769 Gerhard,
256 2718 338 2760 Griech.
357 2718 445 2770 Mythol.
455 2718 482 2771 ξ.
501 2721 546 2761 193.
559 2732 579 2760 n.
594 2720 613 2760 5.
640 2718 655 2770 4)
669 2719 756 2759 Praeter
770 2720 852 2770 Poppo-

74 2796 121 2824 nem
135 2787 156 2824 et
169 2784 298 2833 Kruegerum
318 2783 359 2823 iam
376 2783 473 2823 laudatos
486 2784 535 2823 vide
556 2784 702 2824 (1111111111
721 2782 778 2833 Lips.
793 2785 851 2824 1836.

73 2847 254 2889 Morstadtium
278 2847 374 2888 Francof,
401 2850 459 2889 1830.
500 2847 514 2899 ⁵)
532 2848 601 2889 Ueber
615 2848 649 2888 die
662 2847 748 2889 Diasien
761 2847 804 2888 und
818 2847 851 2888 die
