1798 3051
100 72 130 116 32

101 201 155 244 illud
171 201 332 246 atrocissimum
347 203 430 246 numini
446 203 520 247 divino
536 203 683 248 ulciscendum
697 209 740 248 non
751 205 878 260 reliquerit,

101 283 199 339 alioquin
219 285 275 327 enim
299 288 400 329 mutuum
423 287 481 329 inter
503 297 577 329 omnes
600 285 681 329 bellum
706 286 878 331 crudelissimum

100 364 229 420 infinitaque
250 366 327 410 caedes
348 367 462 410 saeviisset
482 379 610 431 omnemque
621 368 736 411 ‘hominum
749 353 877 412 'societatem

102 451 125 490 et
145 448 267 491 convictum
287 449 419 491 sustulisset.
455 447 570 502 Sapienter
585 449 653 513 igitur
668 449 702 491 vel
719 462 732 491 a
747 461 822 493 rerum
837 462 878 505 pu-

84 529 205 573 blicarum
227 529 388 584 conditoribus,
405 530 482 573 veleb
503 531 579 574 ordine
598 532 736 575 sacerdotum
752 535 877 586 vatumque,

100 611 137 665 qui
153 612 224 665 prima
240 611 370 665 populorum
388 615 461 654 aetate
476 611 536 665 leges
553 612 637 655 diuinas
661 616 683 655 et
702 612 876 667 interpretatam

31 733 33 735 ,
100 697 137 737 tur
156 697 179 736 et
197 692 355 745 custodiebant,
372 693 477 736 traditum
495 698 539 746 est,
559 696 584 736 ut
599 694 716 748 parricidii,
727 696 767 747 rei,
783 693 798 735 ii
814 707 876 748 prae-

100 776 186 829 sertim,
212 775 248 830 qni
265 787 308 818 non
328 774 403 817 habita
418 774 586 827 deliberatione,
610 775 649 819 sed
668 788 720 819 casu
740 776 833 830 quodam
855 779 877 819 et

99 856 190 900 fortuito
206 855 472 910 facinuscommisissent,
489 857 594 912 religione
602 859 717 911 piarentur
726 861 748 900 et
756 859 822 901 certis
838 858 876 901 ob-

99 938 351 983 servatiscaeremoniis
367 938 389 980 in
404 938 519 992 pristinum
536 942 617 981 statum
634 940 713 982 civium
729 941 873 983 restitueren-

98 1025 141 1064 tur.
173 1021 220 1073 Qua
235 1021 257 1063 in
273 1032 298 1063 re
313 1020 443 1063 monendum
460 1023 505 1072 est,
526 1022 684 1074 caeremonias,
704 1020 783 1076 quibus
798 1021 876 1064 caedes

98 1106 255 1158 purgaretur,
277 1114 343 1157 quum
368 1101 401 1145 rei
424 1101 582 1156 quodammodo
603 1101 633 1156 ¹ab
656 1100 732 1145 inferis
755 1102 876 1146 redimendi

99 1189 178 1238 essent,
194 1184 301 1239 principio
318 1184 406 1239 quidem
422 1196 503 1236 omnes,
520 1183 599 1228 deinde
615 1196 666 1238 vero
677 1186 770 1228 maxima
778 1188 876 1239 exparte

98 1266 126 1310 ad
147 1268 266 1309 terrestres
286 1265 338 1309 deos
359 1266 498 1320 spectavisse.
541 1266 623 1317 Quodsi
643 1265 722 1320 igitur,
746 1269 771 1308 ut
787 1266 876 1308 adrem

98 1348 219 1401 redeamus,
236 1347 322 1400 Graeci,
338 1350 383 1400 ant,
400 1352 424 1399 ut
432 1347 596 1402 antiquissimus
607 1360 653 1390 mos
670 1349 724 1400 erat,
741 1347 815 1390 anve
825 1347 874 1402 ipso

98 1432 136 1473 eut
152 1429 179 1481 ab
194 1430 232 1472 illo
248 1430 296 1483 deo,
312 1430 348 1473 cui
363 1429 463 1484 Iuppiter
478 1429 500 1471 id
512 1440 590 1471 munus
601 1428 747 1483 delegaverat,
758 1429 876 1483 piabantur

97 1516 119 1555 et
134 1511 298 1566 purgabantur,
320 1524 398 1554 00111111
417 1510 562 1554 nanciscimur
582 1513 744 1564 argumentum,
766 1523 809 1565 quo
825 1523 874 1554 sen·

96 1594 166 1638 tentia
181 1599 263 1647 nostra,
281 1605 345 1648 quarn
362 1592 388 1637 de
403 1592 503 1636 terrestri
520 1595 542 1635 et
558 1591 619 1645 tristi,
631 1594 711 1635 natura
721 1591 779 1634 Iovis
795 1591 875 1635 hucus-

98 1689 141 1731 que
158 1674 305 1728 defendimus,
328 1673 424 1718 fulcitur.
441 1698 469 1704 —
485 1673 537 1717 Fuit
556 1676 628 1716 autern
648 1673 755 1728 platonius
775 1675 875 1729 luppiter

96 1761 160 1801 extra
176 1757 269 1801 Atticam
285 1757 450 1801 etArcadum
461 1755 498 1798 ille
509 1753 639 1808 Λύκαιος
655 1760 677 1798 et
693 1752 874 1816 Λαφύστιος,

96 1840 133 1894 qui
151 1845 216 1894 qnam
235 1838 331 1882 Milichie
350 1839 394 1881 sint
409 1838 496 1891 similes,
519 1850 641 1881 remonon
661 1839 726 1882 ridet.
757 1838 781 1881 In
800 1839 873 1883 Attica

95 1934 148 1964 vero
163 1922 217 1976 ipse,
232 1922 271 1964 'de
293 1934 335 1976 quo
347 1926 427 1964 sermo
444 1923 484 1974 est,
510 1920 617 1964 Milicbius
637 1914 799 1975 purificationis
815 1920 873 1965 illius

95 2016 185 2047 munere
203 2002 291 2047 functus
308 2006 351 2058 est,
372 2006 395 2045 et
416 2002 496 2057 duplici
512 2000 599 2056 quidem
615 2003 706 2056 ratione,
723 2015 814 2058 quarum
830 2016 873 2046 rina

95 2086 148 2130 haec
164 2089 207 2129 est:
218 2085 235 2141 1)
246 2083 252 2096 ’·

165 2168 194 2220 Is,
212 2167 248 2221 qui
265 2167 352 2210 caedem
369 2168 415 2210 siue
431 2179 470 2210 sua
486 2170 563 2220 sponte
579 2168 625 2210 sire
641 2168 722 2210 invitus
737 2165 872 2222 patraverat,

94 2251 132 2305 qui
147 2250 216 2303 igitur
235 2250 427 2305 Παλειμναῖος
442 2248 478 2291 vel
492 2246 719 2309 Hpogrooncerog
734 2248 871 2303 secluserat,

94 2335 119 2376 ut
137 2331 255 2386 perniciem
275 2332 319 2386 ipsi
337 2330 497 2386 impendentem
518 2332 610 2386 uitaret,
630 2331 704 2373 statim
723 2331 816 2386 patriam
832 2332 871 2374 do-

166 2624 425 2675 1)110101110111111111111111
442 2624 571 2665 Cornutus
586 2625 616 2664 de
634 2625 691 2666 Nat,
704 2626 778 2666 Deor.
794 2637 810 2666 0.
825 2625 871 2665 XII.

92 2689 133 2740 (ed.
148 2687 234 2739 Osann.)
246 2690 331 2743 Μειλιχίου
343 2700 417 2729 nomen
432 2689 451 2728 ei
465 2689 578 2729 atiribllel'e
592 2689 682 2729 Videtur:
702 2694 870 2746 Προςαγορεύουσιέὲ

91 2756 117 2795 καὶ
129 2754 295 2808 111ειλὶχιον,τ”0οΔἱα,
309 2754 407 2805 εὖμεῖλικτον
420 2756 462 2795 ὄντα
474 2763 509 2797 τοῖς
522 2757 539 2798 ἐξ
552 2754 614 2797 ἀδικίας
634 2758 775 2805 μετατιθεμένοις,·
791 2757 810 2794 od
821 2759 869 2795 etoi-

90 2838 119 2865 τος
132 2823 246 2863 ἀδιαλλάκτως
257 2822 301 2872 ἔχειν
313 2822 354 2870 πρὸς
368 2821 437 2862 αὐτοὺς·
450 2822 476 2859 διὰ
488 2829 536 2858 τοῦτο
550 2825 581 2873 γὰρ
594 2820 620 2858 καὶ
630 2820 698 2859 Ἱκεσίου
711 2823 749 2863 Διὸς
762 2819 858 2871 εἷσιβωμοί,
