1798 3051
788 96 815 138 41

39 222 119 266 mirum
134 223 239 278 sauguine
255 223 374 268 hostiarum
391 237 435 267 non
448 224 554 278 pollutam
565 224 702 279 Pythagoras
712 224 817 278 precandi

39 317 106 348 causa
116 307 234 350 accessisse
244 306 347 350 traditur.
356 306 372 358 ¹)
393 306 477 350 'Eadem
489 306 568 361 Apollo
579 304 720 359 Patarae2)
736 305 816 349 Athe-

39 386 107 443 11131)
123 387 269 442 Amyclis4)
285 387 424 441 suscipiebat,
442 392 464 431 et
475 388 576 442 Apollini,
595 387 667 431 lucido
684 387 731 439 cleo,
747 399 819 445 purae

39 473 169 524 sanctaeque
182 469 237 514 lucis
252 468 359 523 largitori,
376 469 434 524 quod
451 471 520 513 sacris
535 469 616 513 factum
633 473 672 524 est,
689 481 745 523 quae
761 481 817 522 pura

39 552 61 592 et
76 553 156 594 sancta
167 550 310 602 habebantur,
327 552 375 606 quis
392 555 427 595 cst
442 552 480 605 qui
496 551 604 595 miretur?
620 550 688 594 Simili
699 550 763 593 modo
777 562 816 592 cur

38 631 129 674 Venus
149 631 253 686 Paphia
273 631 296 673 in
317 632 389 687 Cypro
409 632 480 675 insula
498 631 564 675 thure
587 636 610 675 et
633 631 734 685 floribus,
757 630 816 685 apud

38 713 156 767 Aeginetas
178 712 272 766 Salus,
297 715 352 757 Pax
374 713 433 768 apud
449 712 592 756 Athenienses
611 713 689 767 patriis
710 712 815 767 placentis

38 790 138 851 (θύμασι
158 793 301 852 ἐπιχωρίοις)
320 795 392 838 cultae
411 795 460 847 sint,
477 808 542 837 causa
557 794 579 836 iu
595 797 671 848 aperto
688 797 728 845 est,
744 795 815 837 cousi-

38 875 116 920 derata
136 887 211 918 earum
231 875 321 918 dearum
341 879 427 918 natura.
466 875 565 930 Accedit,
586 875 644 930 quod
666 875 772 929 Apollinis
793 879 815 918 et

38 956 129 1001 Veneris
149 958 225 1012 religio
246 970 325 1012 magna
344 962 367 1001 et
385 956 479 1001 fortasse
500 970 526 1000 ex
545 970 571 1001 ea
591 958 728 1012 potissimum
744 959 814 1011 parte,

37 1050 81 1093 qua
106 1039 198 1083 maxime
226 1038 290 1082 animi
319 1038 430 1082 bominum
452 1038 609 1093 mitigabantur
625 1043 647 1083 et
662 1038 689 1082 ad
705 1040 767 1081 auc
768 1050 815 1080 rora

38 1121 180 1173 ducebantur,
201 1122 311 1165 recentior
330 1123 409 1173 esti
387 1133 453 1175 quam
468 1124 493 1163 ut
508 1120 558 1164 inde
574 1125 623 1165 nost
624 1133 648 1165 ra
614 1120 691 1165 tde
707 1120 814 1174 antiquis-

37 1202 97 1246 simis
113 1186 248 1245 Graecorum
263 1201 374 1246 sacrificiis
379 1201 500 1244 sententia
515 1203 647 1245 immutetur
679 1201 741 1253 Quod
752 1202 813 1244 deni-

38 1295 80 1337 que
95 1282 212 1335 Dianae,
228 1282 331 1335 Lunae,
347 1282 472 1325 Hecatae
491 1294 543 1326 arae
554 1283 626 1326 edulio
639 1282 739 1337 quodam,
756 1281 814 1336 quod

37 1362 107 1415 Βοός
126 1365 213 1408 nomine
234 1364 292 1417 apud
312 1363 400 1407 veteres
415 1363 575 1416 circumfertur,
592 1368 682 1407 ornatae
697 1363 746 1417 sint,
762 1375 813 1417 par-

38 1445 77 1488 tim
92 1445 176 1497 similis,
193 1445 294 1489 nimirum
306 1444 390 1488 Dianae
407 1447 430 1487 et
445 1444 527 1497 erae,
542 1445 622 1499 partim
638 1445 681 1488 alia
696 1443 738 1488 luit
749 1446 813 1489 ratio.

37 1527 184 1569 -Ceterum
200 1526 295 1570 uthanc
311 1539 357 1576 reru
380 1526 497 1580 absolvam,
521 1539 618 1580 eaquae
638 1526 702 1569 attuli
725 1530 814 1579 praeter
886 1538 890 1541 ’

37 1607 125 1651 dubiam
144 1607 298 1662 antiquitatem
317 1607 422 1661 pauciora
441 1620 527 1662 quoque
547 1610 608 1659 sunt,
631 1619 696 1661 quam
712 1609 736 1650 ut
750 1609 813 1650 retu-

37 1690 128 1734 stissimi
144 1694 167 1733 et
181 1703 221 1744 per
236 1693 304 1733 totam
321 1688 435 1733 Graeciam
451 1689 534 1744 vulgati
550 1690 616 1732 moris
632 1689 738 1744 reliquiae
748 1701 813 1743 prae-

37 1771 142 1816 dicentur.
172 1771 249 1827 ltaque
269 1771 310 1814 uisi
331 1771 460 1815 certioribus
481 1773 616 1826 argumentis
637 1774 660 1814 et
683 1771 813 1815 testimoniis

36 1852 210 1897 demonstratum
225 1852 276 1907 erit,
297 1853 423 1895 incruentas
443 1853 492 1896 illas
514 1865 563 1895 aras
580 1856 602 1895 et
617 1852 691 1907 plures
707 1852 775 1896 luisse
791 1858 813 1896 et

36 1935 153 1989 epropiia
168 1934 301 1979 Graecorum
317 1934 390 1977 indole
405 1934 515 1988 profectas
531 1938 597 1989 atque
613 1948 625 1977 a
641 1935 766 1989 primordiis
777 1947 811 1978 re·

35 2028 83 2059 rum
99 2015 232 2058 Graecarum
248 2015 368 2067 institutas
384 2027 426 2057 non
442 2016 545 2068 adducar,
562 2018 587 2058 ut
601 2016 764 2060 incruentorum
776 2028 812 2058 sa-

35 2097 165 2142 crificiorum
184 2096 269 2140 laudem
288 2097 315 2139 iis
334 2096 471 2151 potissimum
493 2093 613 2151 impertiar.
653 2097 753 2151 Namque
773 2110 812 2140 cur

34 2177 194 2234 posterioribus
215 2177 348 2233 temporibus
370 2178 450 2232 duplici
470 2176 607 2222 sacrificandi
629 2178 694 2221 inodo
710 2190 759 2221 sese
775 2171 811 2221 ex-

35 2260 146 2313 solverint,
156 2260 185 2311 ‚in
201 2273 227 2303 eo
243 2272 310 2304 causa
326 2260 451 2315 quaerenda
466 2259 560 2311 videtur,
577 2259 636 2314 quod
651 2261 721 2303 auctis
737 2273 812 2303 rerum

34 2341 171 2396 publicarum
186 2340 264 2396 opibus
281 2344 303 2383 et
311 2328 387 2384 (liebus
403 2339 465 2384 festis
474 2353 523 2384 cum
533 2353 612 2395 magna
622 2340 698 2395 populi
708 2341 811 2395 frequen-

107 2625 120 2677 ¹)
135 2627 229 2680 Clemens
246 2626 306 2667 Alex.
326 2627 398 2667 Strom.
420 2627 465 2667 Vll.
483 2640 502 2678 p.
520 2628 657 2667 1411301111,
687 2628 702 2677 ²)
716 2626 811 2667 Eustath⁴

34 2691 60 2731 ad
74 2691 160 2741 Dionys
179 2677 261 2742 Perieg
279 2704 299 2731 v
319 2693 363 2731 126
383 2690 415 2731 ed.
429 2692 479 2742 Pap.
494 2691 558 2732 Oxou
574 2693 632 2732 1697.
661 2690 676 2741 1)
696 2691 769 2731 auius
791 2704 809 2730 v.

32 2758 156 2797 niaztnovet
168 2759 208 2808 Εἷρ.
191 2775 264 2811 ρειιιιιη
289 2755 305 2806 )
322 2756 406 2796 Lobek
427 2755 528 2806 Aglaoph
549 2767 569 2805 p.
591 2757 649 2796 1064
671 2756 696 2795 cf.
723 2755 811 2795 Oreuzer

33 2821 102 2871 Symb.
116 2821 150 2861 IV
166 2833 185 2872 p
200 2822 245 2861 634.
