1798 3051
22 85 119 158 *44‘

63 236 167 279 'orificium
188 235 304 288 efficiatur,
321 248 364 279 non
379 235 449 279 video.
496 235 578 279 Contra
601 235 653 279 mihi
676 237 761 280 dierum
776 233 841 278 sesto-

64 331 112 361 rum
131 318 187 361 ratio
209 319 333 372 postulasse
349 318 444 372 videtur,
464 323 489 359 ut
504 319 639 370 animalium,
662 317 769 372 equibus
785 317 841 360 cele-

63 398 153 444 brantes
174 400 215 443 diis
236 400 329 443 hostiam
349 399 503 453 immolabant,
521 400 639 444 eorundem
655 399 702 454 ipsi,
719 401 738 444 si
754 400 841 454 quidem

63 482 148 525 edenda
168 484 226 536 erat,
248 494 334 526 carnem
356 483 459 537 ederent,-
478 494 588 538 quumque
609 483 632 525 in
652 481 751 535 piatoriis
770 482 842 536 iisque

63 562 188 616 sacrificiis
213 575 270 617 quae
285 563 327 608 diis
341 564 419 608 inieris
434 563 522 615 fiebant,
539 565 610 607 totum
626 562 739 608 deleretur
755 562 841 616 animal,

63 645 106 689 alia
122 644 219 689 eiusdem
229 647 316 700 generis
322 646 429 690 animalia
439 646 467 689 ad
476 645 586 700 parandas
597 646 672 701 epulas
681 646 729 690 esse
739 647 842 698 mactata,

64 728 181 772 verisimile
202 731 242 771 est.
284 729 332 772 Tali
353 741 405 772 saue
425 728 489 772 modo
509 729 546 771 ille
565 727 717 782 Aristophanis
737 727 798 770 loeus
814 727 843 771 ad

64 809 235 854 confirmandum
253 802 344 854 Milichii
364 809 493 854 sacrificium
513 809 601 853 suillum
622 822 664 851 nou
683 809 843 864 prorsus-mihi

64 892 152 946 ineptus
168 899 216 935 esse
233 893 326 935 videtur.

133 973 160 1016 ld
179 973 235 1016 enim
257 972 328 1017 solum
348 972 505 1027 contendimus,
522 972 609 1027 publice
625 984 687 1016 suem
702 972 784 1017 Diasiis
800 973 841 1016 Mi·
870 965 874 972 ’

63 1055 128 1100 lichio
144 1055 279 1098 immolatum
294 1067 349 1110 esse,
370 1068 441 1110 neque
456 1058 529 1100 tamen
544 1055 594 1099 idco
610 1067 721 1110 negamus,
738 1054 781 1099 alia
796 1056 843 1100 ani-

64 1137 128 1182 malia
148 1150 191 1180 non
212 1137 282 1181 solum
303 1136 405 1190 Luciam,
425 1139 452 1181 nt
471 1150 498 1181 ex
510 1136 571 1181 ‘locis
595 1141 663 1193 qnos
680 1136 698 1192 ἓ.
714 1137 736 1180 3.
756 1137 843 1180 laudavi

65 1219 207 1263 ruanilestum-
219 1222 260 1272 est,
276 1218 316 1263 sed
331 1219 373 1262 iam
390 1218 478 1273 Cylonis
489 1218 631 1272 temporibus,
647 1220 680 1262 uti
692 1221 775 1262 extota
785 1219 843 1273 apud
868 1210 871 1214 ⁴

64 1301 214 1356 Thucydidem
233 1301 359 1345 narratione
379 1305 478 1355 apparet,
503 1301 604 1355 epulandi
624 1313 691 1344 eausa
707 1314 756 1344 esse
771 1283 842 1346 caesa.

64 1383 214 1435 Quamt'aoile
230 1385 287 1427 enim
303 1382 364 1425 brevi
380 1396 429 1426 oum
444 1382 478 1426 his
494 1382 556 1426 festis
573 1382 655 1437 diebus,
672 1384 709 1437 qui
724 1382 786 1427 initio
798 1395 842 1437 pu-

63 1464 118 1509 rifici
134 1467 197 1509 erant
213 1469 235 1509 et
249 1465 314 1516 tristi
325 1465 385 1508 cultu
401 1464 574 1517 celebrabantur,
591 1465 649 1508 laeta
659 1464 781 1518 festivaque
792 1477 843 1509 oon-

64 1546 122 1589 vivia
143 1546 244 1601 coniungi
264 1549 383 1601 potuerint,
399 1547 479 1600 partim
495 1559 521 1590 ex
536 1559 597 1589 more
613 1545 783 1601 Atheniensium,
800 1558 843 1601 quo

63 1628 92 1671 ad
108 1628 204 1683 agendos
219 1629 289 1672 laetos
301 1628 347 1671 dies
363 1630 517 1683 propensiores
533 1632 601 1681 erant,
618 1629 699 1683 partim
715 1641 741 1672 ex
756 1641 781 1670 eo
792 1641 843 1682 per-

64 1710 163 1764 spicuum
183 1713 228 1763 est,
248 1710 306 1765 quod
325 1710 347 1752 in
368 1709 410 1752 fine
426 1709 490 1754 huius
506 1710 685 1771 quaestiunculae
700 1709 842 1755 monebimus.

64 1792 112 1845 Quo
134 1792 153 1835 si
172 1792 267 1847 accedit,
289 1795 314 1835 ut
329 1790 408 1835 Graeci
424 1794 449 1835 et·
462 1791 568 1847 imprimis
584 1792 740 1847 Athenienses·
750 1804 842 1846 quorum

63 1874 169 1927 pietatem
184 1874 206 1916 in
222 1873 338 1928 proverbio
354 1873 422 1917 fuisse
437 1877 512 1917 uotum
523 1876 564 1927 est,
580 1873 715 1929 splendidius
729 1875 842 1928 epulantes

64 1955 154 1998 deorum
175 1969 286 2010 nunquam
306 1957 350 1999 sint
369 1955 442 2007 obliti,
469 1956 507 1998 scd
527 1959 553 1998 ut
572 1969 609 2000 eos
629 1956 722 2011 quisque
743 1956 842 2009 coluerit,

64 2037 142 2092 quibus
159 2050 182 2082 se
198 2042 284 2092 gratum
300 2041 414 2091 praestare
430 2037 528 2090 volebat,
551 2051 594 2081 uon
609 2037 688 2084 mirum
703 2038 796 2090 ridetur,
813 2040 842 2089 si-

66 2123 104 2163 cut
123 2119 249 2163 Hermanno
268 2119 340 2164 uisum
355 2123 395 2172 est,
412 2132 483 2174 neque
498 2132 536 2165 cur
553 2122 611 2175 apud
627 2119 779 2164 Lucianum
794 2120 842 2164 loa-

64 2214 118 2245 rom.
134 2215 151 2246 c.
167 2201 203 2244 24.
219 2205 279 2245 totus
296 2201 445 2257 Olympiorum
461 2201 540 2244 chorus
557 2204 675 2256 queratur,
685 2202 754 2257 ⁴quod
769 2202 842 2257 negle-

64 2283 104 2327 ctis
120 2285 163 2327 iam
172 2283 253 2327 Diasiis
262 2283 330 2327 nullis
344 2282 470 2327 fruerentur
487 2283 563 2338 epulis,
580 2297 651 2339 neque
668 2297 707 2328 cur
720 2284 806 2328 Charid.
824 2298 841 2328 c.

64 2366 83 2409 1.
100 2378 136 2409 res
152 2378 215 2410 sacra
230 2367 258 2410 ad
273 2365 405 2409 Mercurium
420 2369 512 2419 spectet.
550 2366 652 2411 Ceterum
668 2367 768 2422 quicum
786 2367 843 2410 Her-

65 2460 143 2491 manno
161 2448 236 2492 Diasia
257 2461 271 2491 a
286 2447 370 2502 reliquo
386 2447 476 2492 Milichii
492 2447 553 2492 cultu
569 2451 658 2508 separat
674 2451 696 2491 et
712 2448 755 2493 illis
771 2450 843 2493 incru-

65 2533 122 2583 enta,
145 2529 195 2573 huic
218 2543 271 2573 vero
295 2533 387 2573 cruenta
409 2529 516 2574 sacrificia
531 2530 637 2584 vindicat,
661 2523 766 2574 adversus
789 2531 843 2575 haec

64 2611 132 2655 verba
153 2610 285 2666 Thucydidis
304 2616 399 2666 pugnat:
416 2608 482 2655 ”Erre
502 2611 545 2670 γὰρ
566 2610 703 2669 Ἀθηναίοις
723 2610 810 2659 Διάσια
830 2612 844 2658 d

65 2695 166 2737 καλεῖται
187 2692 244 2745 Διὸς
259 2692 324 2753 ἑορτή
349 2692 474 2748 Μειλιχίου
497 2692 589 2750 μεγίστη.
613 2694 670 2744 mc,
695 2707 751 2748 quae
774 2697 843 2739 mani-

63 2776 144 2820 festum
160 2778 194 2818 est
213 2774 265 2818 nihil
281 2774 341 2817 aliud
356 2775 397 2816 nisi
413 2774 453 2818 hoc
469 2774 592 2829 significare
608 2788 686 2829 posse:
711 2778 785 2829 Quae
801 2790 843 2819 vo-

64 2861 160 2902 cantur
176 2857 275 2901 Diasia
294 2868 395 2900 summe
412 2856 548 2900 solemnes
564 2862 625 2902 sunt
640 2857 697 2902 dies
713 2858 781 2902 festi
797 2858 843 2901 Mi-
