1798 3051
778 112 804 156 11

29 246 164 291 indicandam
183 244 284 300 apposita
305 246 403 297 apparet.
440 242 565 285 Formnlam
582 244 654 285 autem
669 241 729 294 Ζεὺς
743 247 804 286 Μει-
827 225 830 230 ’

28 330 100 386 λίχιος
123 326 270 382 explicaturus
297 327 419 379 opportune
445 324 580 379 comparabis
606 323 709 367 formulas
735 322 805 375 Ζεῠς
834 376 836 379 v

28 411 132 462 Ξένιος
155 414 177 452 et
199 408 268 460 Ζευς
292 406 409 459 Ἱκέσιος.
448 406 633 459 Quemadmodum
656 406 698 449 hae
724 406 804 460 optime

28 492 149 536 redduntur
167 482 299 545 Iuppiter
316 488 477 543 hospitibus
500 488 665 544 praefectus
688 491 726 532 aut
745 488 804 531 iura

28 575 96 617 dans
117 577 140 616 et
159 571 289 626 Iuppiter
309 570 480 625 supplicibus
498 570 663 625 praefectus
683 574 722 614 aut
741 570 804 613 iura

28 656 105 707 dans,
121 655 153 698 ita
167 653 238 705 Ζευς
253 654 410 710 Μειλίχιος
426 652 534 708 significat
549 653 750 707 lovempreces
761 652 803 695 vel

27 740 91 780 vota
110 735 283 779 fundentium
307 735 463 779 clementer
486 735 656 787 audientem,
680 738 714 798 est
736 735 804 789 igitur

27 818 152 873 Iuppiter
167 817 310 873 benignus,
326 817 467 872 placidus,
483 820 508 860 ut
523 817 590 870 aiunt,
606 829 646 872 per
657 817 802 860 eminentiam.

28 901 56 943 At
80 913 106 943 ex
127 899 184 942 cinni
204 904 267 954 parte
287 902 412 943 accuratam
433 903 455 942 et
479 899 580 942 subtilem
600 899 657 952 Διὸς
677 899 802 955 Μειλιχίου
864 908 866 910 ·

26 982 228 1036 interpretationem
250 994 277 1024 ex
290 981 336 1024 sola
353 981 433 1024 vocula
449 981 526 1025 elicere
543 982 663 1036 nequimus.
696 982 768 1034 Quare
784 981 802 1024 si

26 1063 136 1107 Placati
158 1064 295 1118 quoquere]
315 1063 469 1106 Placebilis
489 1076 575 1107 sensum
595 1064 729 1107 admittimus
746 1067 768 1106 et
784 1063 802 1105 si

26 1145 153 1199 pollicemur
168 1144 215 1188 fore
230 1149 262 1197 ut,
282 1158 348 1200 quum
364 1145 390 1188 de
408 1145 503 1188 llilichii
518 1149 597 1188 natura
613 1148 635 1188 et
650 1144 711 1189 cultu
727 1144 801 1199 dispu-

25 1227 154 1279 taverimus,
174 1229 221 1270 tum
237 1240 323 1282 quoque
338 1227 430 1270 norninis
446 1226 575 1281 significatio
591 1231 638 1270 tota
653 1214 745 1279 eluceat,
761 1239 800 1269 ne-

25 1321 59 1351 mo
75 1321 114 1351 nos
130 1302 225 1352 lenitatis
242 1312 327 1363 arguat.
357 1309 436 1352 Restat
446 1309 550 1362 hocloco,
566 1312 592 1353 ut
602 1321 800 1362 commemoremus,

24 1390 148 1445 Μειλίχιος
167 1403 180 1433 a
202 1390 311 1433 nonnullis
331 1390 393 1434 reddi
412 1390 550 1444 Placator,
580 1403 645 1445 qnam
668 1391 801 1445 interpreta-

26 1471 106 1513 tionem
121 1471 170 1514 ideo
186 1472 302 1525 reiicimus,
325 1468 387 1526 qnia,
404 1477 429 1516 ut
444 1474 500 1516 inira
516 1473 637 1534 apparebit,
654 1473 801 1527 euphemismo

25 1552 116 1595 nominis
132 1556 246 1607 repugnat.

377 1752 395 1806 ᾖ.
426 1751 446 1796 5.

92 1854 141 1897 Non
156 1855 256 1909 luppiter
272 1857 331 1899 solus
346 1857 471 1913 Μειλιχίου
487 1858 614 1912 cognomine
629 1857 687 1913 apud
703 1857 798 1901 Graecos

22 1935 144 1989 gaudebat,
164 1937 202 1979 sed
221 1936 257 1979 alii
276 1950 363 1992 qnoque
384 1940 435 1983 uoci
454 1939 575 1995 Μειλίχιοι
595 1939 657 1982 nobis
678 1939 725 1982 uoti
740 1942 798 1981 sunt.

21 2015 163 2061 Plutarch.
184 2019 216 2062 de
236 2031 285 2082 esu
305 2031 379 2062 carm
395 2033 415 2074 p.
437 2020 524 2063 aot-A.
559 2022 607 2065 Kal
622 2020 660 2066 τὸν
676 2019 798 2080 Ἠμεοίδχν

20 2098 58 2141 καὶ
72 2099 195 2154 Μειλίχιον
210 2097 326 2155 αἰσχύνετε
340 2096 457 2145 Διόνυσον.
493 2101 526 2144 ld.
542 2102 621 2144 anton.
638 2114 655 2146 c.
671 2102 706 2145 24.
739 2100 798 2162 Θύο-

21 2194 66 2223 σων
85 2180 110 2223 δὲ
129 2181 167 2224 καὶ
188 2185 264 2232 κοινοῦ
279 2182 314 2224 καί
334 2181 463 2240 ψαλτηρίων
480 2180 494 2238 ἡ
509 2179 618 2240 altrepa
633 2183 698 2235 πλέα,
714 2182 796 2228 Διόνυ-

20 2275 59 2304 σον
90 2259 162 2310 αὐτὸν,
191 2260 377 2318 ἀνακαλουμένων
411 2259 533 2323 χαριδότην
563 2265 601 2308 καὶ
630 2264 796 2319 Μειλίχιον.

19 2339 99 2384 Nanii
114 2341 288 2386 Bacchumideo
300 2343 408 2386 vocabant
423 2344 588 2400 Μειλίχιον,
606 2345 664 2399 quod
679 2345 717 2390 ιὸν
733 2343 796 2390 σίκι-

20 2438 56 2465 νον
72 2424 158 2482 καρπὸν
173 2423 275 2476 dedisset,
292 2424 349 2467 unde
365 2425 430 2467 etiam
440 2430 482 2469 τοῦ
495 2425 601 2481 Βακχέως
611 2423 724 2471 Διονύσου
740 2422 796 2484 πρό-

19 2517 95 2548 σωπον
110 2504 168 2557 apud
184 2517 221 2548 eos
238 2504 367 2562 ἅμαέλινον,
388 2505 427 2548 sed
442 2506 467 2551 ab
482 2504 603 2566 πρόςωπον
618 2512 659 2551 νοῦ
670 2507 796 2563 Μειλιχίου

18 2583 60 2626 luit
75 2581 170 2630 οέιιινον.
179 2586 196 2642 ¹]
213 2611 241 2616 -
256 2586 355 2630 Fuerunt
369 2590 458 2641 praeter
474 2587 533 2635 hunc
539 2588 660 2643 Dionysum
667 2592 794 2633 terrestrem

16 2842 33 2875 M
48 2838 62 2876 λ’
91 2780 104 2829 ¹)
117 2763 162 2820 Hos
175 2782 232 2822 locos
245 2784 366 2834 transcripsi
387 2798 412 2824 ex
425 2785 495 2835 Steph.
510 2785 573 2826 Thes.
588 2787 638 2836 ling.
653 2759 757 2827 Gnaeus
775 2799 794 2824 v.

34 2854 47 2876 ει
58 2854 105 2890 ιχιος.
