1798 3051
155 207 237 260 Quodsi
252 207 320 263 igitur
335 207 378 251 iam
397 220 472 252 manes
494 208 533 252 tali
552 209 638 253 vinculo
658 222 706 254 cum
728 199 863 271 agricultura

29 334 31 336 .
84 288 202 334 cohaerere
217 289 355 344 videbantur,
366 295 448 345 quanto
457 291 528 347 magis
545 288 620 338 ebrum
636 291 717 335 domini
733 296 755 336 et
765 297 862 337 rectores

84 386 110 417 ea
134 373 206 416 omnia
225 373 248 416 11
263 385 287 417 se
302 372 383 416 habere
404 376 427 417 et
442 386 519 418 curare
533 373 655 427 debebant,
666 387 721 428 quae
737 379 759 418 et
774 375 802 419 ad
817 376 861 418 ier-

83 455 186 499 tilitatem
203 454 277 499 terrae
292 459 315 498 et
330 454 480 500 conditionem
495 456 607 509 bominum
623 460 759 500 mortuorum
775 461 861 511 specta-

83 537 142 581 bant.
160 538 234 581 'idem
254 541 288 581 est
304 538 362 582 enim
377 539 485 592 gremium
499 542 573 582 terrae
589 539 676 598 matris,
696 538 754 582 unde
775 543 861 593 segetes

83 620 140 664 laete
163 620 287 664 hominibus
312 620 449 665 efflorescunt
476 627 498 664 et
521 620 613 675 reliquis
632 621 768 665 -animalibus
791 622 861 665 rictus

84 706 233 756 comparatur,
254 705 277 746 et
297 715 339 758 qno
355 702 453 747 homines
468 689 559 746 tandem
573 706 640 756 atque
656 702 862 748 1111111111111111

84 785 186 830 defuncta
201 785 247 835 vita
263 784 397 829 conduntur:
415 785 491 828 eadem
500 788 561 828 terra
571 797 650 846 parens
662 789 696 829 est
704 789 727 828 et
737 786 861 840 sepulcrum

84 871 218 921 cunctorum.
251 867 323 920 Quare
344 866 397 922 quid
411 867 480 922 magis
497 871 722 921 consentaneum'est,
739 879 804 921 quam
821 867 860 911 du·

82 949 134 1004 pler
148 949 190 993 hoc
205 953 279 994 terrae
294 961 379 1002 munus,
395 948 452 992 hanc
463 949 570 1004 duplicem
582 949 631 1002 vim,
648 962 704 1004 quae
720 949 779 1004 parit
790 962 860 1005 aeque

84 1035 149 1085 atque
164 1031 244 1086 perdit,
265 1032 332 1075 etiam
347 1031 428 1085 duplici
443 1031 549 1086 religione
564 1031 623 1085 apud
639 1030 734 1075 Graecos
751 1044 799 1076 esse
815 1031 860 1075 cul·
885 1086 889 1089 ,

82 1118 140 1157 tam:
160 1113 219 1156 illam
238 1112 349 1156 funestam
370 1116 392 1154 et
407 1113 563 1166 perniciosam.
576 1126 642 1167 quam
664 1114 860 1158 maximeauersa-

82 1194 163 1238 bantur
184 1198 206 1238 et
226 1194 396 1248 placatissimam
411 1207 497 1250 semper
515 1195 597 1239 habere
612 1195 721 1249 volebant,
744 1196 799 1240 hanc
815 1196 859 1239 lae-

83 1280 129 1320 tam
144 1277 247 1331 vitaeque
262 1280 356 1320 matrem
371 1280 393 1320 et
408 1275 524 1321 fautricem
546 1277 624 1320 debitis
640 1276 758 1321 honoribus
775 1281 797 1320 et
812 1278 859 1322 lau-

83 1358 146 1402 dibus
162 1357 359 1412 prosequebantur.

151 1522 208 1566 Hinc
231 1521 262 1564 dii
285 1521 344 1565 illam
367 1526 458 1565 naturae
481 1521 640 1576 proprietatem
663 1521 811 1576 significantes
837 1527 859 1566 et

82 1603 217 1649 continentes
232 1605 477 1657 terrestriumque
494 1603 603 1647 deornm
619 1602 691 1658 [θεῶν
701 1604 810 1659 χθονίων)
821 1617 859 1647 no·
877 1591 892 1626 1³-

82 1699 133 1730 men
151 1686 285 1740 accipientes
310 1697 368 1728 nnnc
389 1685 471 1728 mites
492 1688 518 1727 et
538 1684 617 1738 boni,
641 1696 698 1728 mmo
719 1696 818 1738 graues
838 1688 860 1727 et

82 1768 150 1812 mali
168 1767 306 1811 1111111111.
347 1766 382 1810 Sic
401 1766 612 1820 Proserpinam,
636 1765 706 1809 tristis
728 1770 750 1809 et
768 1765 860 1810 timendi

80 1850 205 1894 Inierorum
220 1850 278 1903 regis
294 1860 385 1891 uxorem
401 1842 424 1890 et
438 1851 537 1891 teneram
556 1847 678 1901 almamque
695 1846 858 1902 0111111111]-

80 1931 125 1975 lam
139 1929 308 1983 venerabantur,
316 1929 333 1984 ¹)
350 1932 372 1973 et
387 1928 469 1973 Pluto
485 1941 529 1973 111
544 1928 608 1986 modo
623 1931 761 1973 mortuorum
772 1929 859 1983 agmina

65 2013 144 2067 vgraui
161 2012 253 2066 imperio
273 2010 398 2063 coercebat,
419 2009 458 2053 sed
472 2009 539 2054 rebus
556 2022 642 2064 quoque
662 2011 750 2054 rusticis
767 2011 859 2065 benigne

81 2093 175 2147 favebat,
191 2093 270 2136 deinde
286 2093 352 2136 etiam
368 2091 494 2136 divitiarum
509 2095 532 2134 11
541 2091 649 2134 bonorum
660 2091 755 2135 omnium
767 2092 860 2146 largitor

80 2175 228 2231 habebatnr2)
250 2175 344 2228 ideoque
368 2174 445 2217 eodem
468 2173 532 2216 modo
547 2186 569 2216 fa
591 2174 701 2225 πλοῦτός,
725 2186 767 2227 quo
791 2173 859 2217 Oore

155 2440 169 2493 ι>
187 2441 277 2492 Eurip.
295 2439 369 2481 Rhes.
387 2454 408 2482 V.
423 2443 467 2482 964.
496 2444 602 2492 Καρπυποιὸς
615 2449 655 2484 παῖς
667 2446 759 2498 Δήμητρος.
784 2442 859 2492 Hymn.

82 2505 144 2557 Orph.
162 2507 198 2547 IX.
219 2507 251 2546 20.
272 2508 318 2556 Κόρη
331 2509 412 2555 protom.
433 2505 555 2556 Porphyr.
575 2508 637 2545 antr.
653 2505 757 2557 Nymph.
777 2508 808 2546 14.
837 2507 860 2545 ‘ll

81 2574 121 2625 nu'pu
134 2572 197 2614 παντὸς
209 2581 238 2609 τοῦ
251 2574 358 2621 σπειρομένου
375 2573 439 2623 ἔφορος.
464 2569 479 2619 ²)
493 2569 618 2620 Porphyl'.
633 2570 859 2620 11),Ε11861).Ρ1“11Ρ.

81 2646 113 2676 ev.
126 2634 165 2675 ΙΠ,
181 2637 211 2674 11.
238 2640 273 2689 Τῆς
290 2636 329 2673 δἀὗ
346 2644 437 2688 γεωργικῆς
450 2638 540 2685 δυνάμεως,
553 2637 591 2673 aat'
609 2637 629 2689 ἣν
646 2636 663 2673 αἱ
675 2636 727 2678 δόσεις
739 2645 768 2674 τοῦ
781 2637 860 2683 cloteno,

81 2701 89 2738 ὁ
102 2702 191 2738 Πλούτων’
204 2700 264 2749 ὄρ1111ς
277 2702 331 2754 μέντοι
343 2699 411 2754 11111111
424 2701 517 2754 φθαρτικὴν
529 2703 564 2752 ἔχει
577 2701 648 2748 δύναμιν.
694 2728 696 2731 >
