1798 3051
776 125 803 167 19

28 259 117 310 praeter
136 254 191 298 aiios
214 254 270 297 ritus
291 253 456 310 purgator·ios¹]
475 255 507 297 ita
525 242 698 306 celebrabantur,
717 255 743 295 nt
757 252 805 295 lovi
870 264 872 270 ·

28 334 110 392 pianda?
123 335 201 379 hostia
219 335 375 379 immolaretur.
415 334 588 385 Boecuhius,
610 334 648 377 vir‘
663 333 804 388 clarissimus,

29 419 56 463 ad
66 448 68 451 -
77 417 101 461 b.
122 418 139 461 Ι.
160 431 181 461 n.
203 418 247 462 523
262 416 391 462 sacrificium
406 417 444 460 illo
460 417 495 460 dic
510 420 630 461 mactatum
645 416 692 459 lovi
709 420 804 478 Γεοργῴ

19 498 163 555 >vadscripsit(
176 500 215 544 sed
224 509 226 511 ’
235 512 261 542 er
277 512 303 543 eo
316 500 376 554 ipso,
392 499 451 553 qrrod
466 501 507 544 iste
524 497 626 559 Γεωργός
641 498 805 553 placabatur

29 584 120 637 eiusque
140 582 169 626 ad
183 581 276 626 tuendas
292 584 379 636 segetes
394 581 544 639 auctumnales
559 580 707 636 benignum
728 583 803 625 auxi-

28 666 93 709 lium
108 663 323 719 implorabatur,
339 662 477 707 manifestum
498 667 541 717 est,
565 666 646 718 caput
669 667 691 706 et
715 664 804 707 consi-

29 748 95 791 lium
114 758 257 791 sacrorum
276 745 463 800 placationem
479 744 553 798 fuisse,
577 744 635 787 unde
651 745 723 800 colligi
745 746 804 799 lieet,

29 833 50 875 Γ
48 828 132 887 εωρμὸο
147 828 175 870 ad
189 819 330 884 Μαιμάκτην
346 829 368 869 et
383 827 506 882 Μειλίχιον
521 828 639 880 pertinere.

371 1027 390 1082 s.
422 1027 456 1070 no.

103 1131 179 1176 Altera
198 1131 295 1175 eiusdem
314 1131 372 1175 Iovis
395 1132 500 1175 solemnia
518 1131 607 1175 fuerunt
626 1127 733 1184 abaciaco,¹
749 1144 805 1186 quae

30 1217 123 1257 exeunte
139 1212 307 1257 Anthesterione
323 1226 403 1266 mense,
426 1227 493 1269 quum
507 1214 588 1256 imbres
604 1213 704 1257 vernales
720 1214 805 1257 saevire

30 1290 141 1338 desierant
156 1294 322 1338 celebrabantur
338 1297 360 1337 et
375 1307 417 1338 uno
434 1295 536 1348 omnium,
553 1308 566 1337 a
581 1294 659 1349 quibus
675 1308 805 1339 commemo-

29 1379 114 1431 rantur,
130 1389 168 1420 ore
176 1376 223 1421 lori
231 1359 327 1420 Milichio
336 1377 474 1421 addicuntur.
505 1377 538 1420 Ea
549 1389 598 1419 cmu
611 1377 704 1430 quadam
715 1378 806 1422 tristitia

30 1442 94 1503 solita
105 1470 153 1501 esse
165 1458 227 1512 obiri⁷
241 1471 268 1502 ex
276 1442 309 1512 iis,
319 1471 375 1513 quae
384 1470 451 1513 supra
460 1470 486 1501 er
494 1458 582 1502 scholiis
590 1454 633 1501 iam
641 1458 805 1515 taruanninse)

30 1541 83 1585 satis
96 1543 172 1583 notum
185 1544 225 1585 est.
256 1540 303 1584 Iovi
315 1540 435 1584 secundum
443 1540 594 1594 gravissimum
603 1535 735 1594 Thucydidis
743 1521 805 1584 testi-

30 1623 131 1666 monium⁴
141 1620 256 1679 θύματα
271 1620 424 1683 ἐπιχώρια,
439 1623 457 1674 i„
470 1636 488 1666 e.
497 1622 621 1666 ‘scholiasta
632 1623 725 1666 adhunc
735 1622 806 1666 locum

29 1705 200 1758 interpretante,
220 1704 410 1765 plaguneulas
426 1706 453 1748 in
469 1703 574 1757 formas
590 1704 748 1747 animalium
764 1716 805 1747 ex-

30 1797 142 1840 pressas
162 1785 305 1841 offerebantss)
325 1789 357 1839 et,
381 1790 406 1830 ut
425 1785 482 1829 inira
501 1786 652 1830 demonstrare
672 1785 805 1840 conabimur,

31 1866 127 1911 hostiam
143 1867 284 1912 immolabant
304 1871 326 1911 et
346 1880 393 1912 eam
414 1880 482 1912 suem.
518 1867 536 1910 E
552 1867 703 1922 Xenophontis
719 1868 777 1911 enim
792 1869 806 1913 l.

32 1963 50 1994 ο.
71 1952 167 2004 constat,
183 1962 264 1993 morem
279 1950 357 2004 fuisso,
374 1950 492 1994 llilichium
508 1962 554 1993 sne
569 1950 681 2004 placare
697 1962 807 2005 quumque

32 2031 139 2076 eiusmodi
159 2032 268 2077 sacrificia
283 2036 362 2076 notum
380 2033 409 2076 sit
428 2032 506 2076 inferis>
522 2032 615 2076 tantum
628 2037 649 2075 et
664 2032 807 2076 terrestribus

33 2114 74 2158 diis
96 2115 155 2159 facta
170 2126 230 2168 esse,
257 2115 316 2159 facili
340 2115 428 2169 negotio
444 2097 592 2168 “concluditun
608 2114 682 2157 lovem
705 2108 807 2158 illissso-

32 2196 140 2240 lemnibus
159 2200 196 2249 ut„
216 2197 292 2240 deum
316 2201 442 2241 terrestrem
461 2197 548 2240 cultum
573 2208 628 2240 esse.
665 2197 725 2249 erae
742 2210 808 2252 quum

32 2279 63 2323 ita
76 2280 133 2333 sint,
157 2279 282 2335 Μειλιχίου
305 2291 384 2322 nomen
401 2292 445 2322 non
466 2280 536 2323 solnm
555 2279 644 2334 proprio
667 2291 744 2334 sensu,
769 2279 808 2322 sed

33 2361 103 2406 crebri
119 2375 206 2418 quoquc
221 2362 384 2417 notiqueapud
400 2360 496 2405 Graecos
512 2361 655 2416 euphemismi
669 2362 754 2406 ratione
771 2375 807 2406 ex-

32 2551 244 2559 -.-.-..-.--μ-

102 2680 119 2734 ¹)
132 2679 242 2723 Eusbhabb.
256 2680 283 2721 ad
296 2680 371 2732 Odyss.
385 2682 451 2723 XXII.
464 2684 510 2723 481.
537 2682 568 2723 Καὶ
583 2684 599 2722 οἱ
610 2684 629 2722 ab
642 2686 739 2733 bcouooneiv'
756 2686 808 2737 ἑρμη-

32 2749 106 2791 reuertit
117 2760 176 2800 φασιν,
192 2748 219 2788 ὅτι
234 2754 272 2787 Δῖον
288 2751 355 2787 ἐκάλουν
371 2750 430 2787 κώδιον
446 2748 504 2798 ἱερείου
520 2750 598 2791 cottae:
614 2750 640 2787 Διῒ
655 2747 733 2801 Memmio
746 2752 809 2790 ἐντοῖς

32 2815 124 2862 καθαρμοῖς
136 2812 224 2866 φθίνοντος
237 2818 382 2868 Μαιμακτηνιῶνος
395 2814 452 2867 μηνὸς,
466 2813 495 2853 ὅτε
507 2816 568 2868 ἤγοντο
579 2817 601 2852 τὰ
612 2819 695 2863 numacius
719 2809 735 2855 ²]
756 2810 809 2851 Vide

32 2875 90 2916 locos
103 2875 122 2928 ξ
137 2879 156 2918 3·
173 2881 189 2927 3)
203 2880 278 2928 Souara*
290 2881 367 2928 πέμματα
380 2879 403 2919 εἷς
416 2880 540 2931 ζώωνμομφὰς
551 2880 662 2926 οποπιομὲοο

597 2940 624 2986 2³1<
