1798 3051
724 102 806 145 ·2l

31 246 89 278 cram
110 233 186 287 fuisse,
210 234 257 288 ipse
278 233 387 276 Prelterus
409 231 514 276 concedit.
565 232 638 283 Quare
654 230 719 274 etiam
734 230 807 273 Iovem

14 316 91 360 illum
106 312 265 367 Σοκάσιον,
289 315 316 358 de
332 313 560 368 quo'Eustathius
584 313 619 356 ad.
644 313 721 366 Odyss.
737 312 807 355 XVII.

34 397 80 449 116,
88 396 105 451 1)
126 408 278 450 nonpossum
299 396 351 450 quin
372 398 394 437 ct
414 394 601 451 cumptom'cpet
617 394 728 448 cumipse
744 399 805 438 Μει-

30 477 95 534 λιχίῳ
121 477 256 539 coniungam.
296 477 348 520 Fuit
373 476 429 520 enim
455 475 572 519 secundnm
593 475 732 519 Eustathium
753 475 767 517 l.
789 487 807 518 c.

30 554 176 617 Καθάρσιος,
197 558 232 602 cui
250 557 389 612 Milichinque
406 557 567 600 similitudinem
584 557 692 611 quandam
708 557 806 611 subesse,

29 640 87 685 infra
104 627 235 683 uidebimus}
274 639 359 682 Deinde
378 652 428 683 cum
451 623 537 681 eodem¹
548 621 664 695 Martip'cp
683 639 807 682 Atticorum

30 734 117 777 quoquc
132 717 247 781 Μάριος
268 721 374 775 congruit,
394 724 440 763 tum
457 721 519 775 quia,
534 722 631 763 testante
646 718 763 762 scholiasta
779 718 807 760 ad

30 803 96 858 Soph.
117 800 178 847 Oed.
200 801 252 845 001.
271 816 291 846 r.
316 801 411 856 705.‚2)
435 800 492 844 idem
511 803 545 843 est
565 803 631 855 atque
650 796 805 857 Καταιβάτης,

30 886 91 928 cuius
107 897 173 927 saeva
188 884 220 926 vis
237 884 290 927 satis
306 886 358 927 nota
374 886 413 936 est,
430 886 476 925 tum
492 882 550 936 quia,
567 885 591 924 ut
607 881 743 935 eScphcclis
755 881 805 924 dra-

29 969 87 1010 mate
102 968 201 1020 apparet,
217 965 297 1020 pianda
315 964 398 1019 Oedipo
414 964 518 1008 interfuit.

101 1046 270 1100 Comprehendit
291 1048 369 1090 deinde
386 1046 496 1089 Prellerus
517 1046 583 1099 idque
598 1046 653 1088 bene
671 1040 806 1102 Καθάροιον

30 1132 52 1173 et
66 1128 190 1185 Μειλίχιον
196 1128 212 1185 ³)
229 1131 251 1171 et
267 1141 294 1172 ex
309 1141 340 1183 ee,
357 1128 415 1183 quod
425 1124 558 1187 liuticipctnc
574 1127 634 1170 iuxta
648 1122 751 1171 Χθόνιον
761 1126 805 1170 col-

29 1213 112 1256 locctus
128 1210 205 1265 fuerit,
221 1211 279 1253 inter
293 1206 419 1255 Χθόνιον
436 1212 458 1252 et
473 1208 628 1264 Μειλίχιον
639 1207 806 1251 discernendum

29 1305 77 1336 esse
98 1292 233 1348 iudicante)
262 1291 352 1344 ⁴Quodsi
367 1304 419 1334 vero
436 1290 570 1345 apparuerit,
586 1290 669 1333 intacta
686 1302 761 1333 eornm
776 1289 805 1331 si-

28 1373 156 1426 militudine,
179 1372 318 1416 nihilominus
342 1375 425 1416 tantam
442 1384 490 1414 esse
513 1370 665 1422 differentiam.
689 1373 714 1412 ut
729 1370 805 1413 vicini-

29 1460 63 1499 tas
79 1467 185 1510 prospere
201 1454 309 1510 explicari.
320 1454 396 1508 possit,
414 1453 478 1497 cadet
492 1452 541 1495 hoc·
550 1465 636 1507 quoque
647 1455 805 1506 argumentum.

100 1536 200 1579 Fulcitur
224 1536 319 1590 denique
344 1539 419 1578 nostra
442 1534 468 1578 de
492 1534 591 1577 terrestri
612 1533 704 1576 ‘Miiicirii
727 1536 806 1576 natura

30 1618 138 1662 sententia
154 1631 186 1671 ec,
203 1617 262 1672 quod
277 1618 338 1662 &soi
355 1616 519 1673 Μειλίχιοι,
535 1618 562 1660 cle
579 1615 658 1671 quibus
674 1615 731 1670 apud
747 1616 805 1658 Pau-

31 1700 113 1743 saniam
128 1702 155 1744 X.
171 1701 206 1743 38.
222 1701 250 1753 4.,
271 1700 358 1753 optimis
375 1698 560 1759 consentientibus
576 1698 740 1752 interpretibus,
757 1697 804 1752 qui·
861 1732 862 1735 ,

29 1782 120 1825 buscum
139 1781 249 1824 Pretlerns
270 1781 318 1835 ipsc
336 1780 395 1833 fecit,
417 1784 523 1823 terres
533 1779 598 1823 trib
607 1792 622 1822 u
631 1793 641 1823 s
657 1780 720 1823 diis
737 1792 804 1823 annu·

30 1868 150 1908 merantur.

376 2061 395 2114 p.
427 2062 461 2103 12.

100 2167 157 2211 Iovis
183 2166 295 2210 terrestris
321 2165 380 2210 saevi
406 2168 429 2208 et
451 2165 538 2209 molesti
561 2164 620 2207 net-io
644 2165 759 2219 cuttnsqne
782 2166 805 2208 in

30 2248 121 2293 Graecia
136 2249 201 2292 latius
216 2249 295 2302 patuit,
320 2260 384 2302 quarn
408 2246 505 2289 nonnulli
522 2246 680 2289 existiniavisse
697 2247 804 2289 videntur.

29 2331 147 2375 Praetereo
158 2331 329 2374 Dodonaeum
339 2328 477 2374 Ἀϊδωνέα
493 2326 805 2389 simphorini-Orcho·

29 2424 194 2465 menenscm,
215 2414 278 2456 notos
299 2423 335 2453 eus
357 2422 405 2453 esse
425 2422 497 2453 rerum
517 2409 712 2465 mythologicaruin
728 2410 805 2464 peritis

102 2656 116 2702 ¹)
129 2655 199 2706 Λέγε-αι
214 2654 269 2690 δὲκαὶ
281 2655 384 2693 roiano:
397 2654 439 2694 Ζεὺς
451 2656 497 2701 παρὰ
508 2658 544 2694 τοῖς
556 2657 633 2694 παλαιοῖς
646 2653 654 2690 ὁ
671 2655 770 2702 καθάρσιος·
783 2659 804 2705 τῇ

28 2720 59 2768 γὰρ
72 2724 112 2771 συκῇ
125 2717 198 2770 ἐχρῶντό
211 2733 258 2769 φασιν
271 2719 390 2766 ἐνκοῦαρμοῖς-
402 2719 419 2765 ²]
429 2716 469 2766 Περὶ
479 2715 582 2769 Ἀκαδημίαν
595 2716 653 2756 &ertit
664 2726 716 2755 τετοῦ
727 2719 803 2754 Καται-

29 2784 92 2829 βάτου
104 2783 152 2824 Διὸς
164 2782 225 2831 βωμὸς,
238 2783 258 2821 ὃν
271 2782 297 2820 καὶ
310 2783 369 2830 ’Μοριον
382 2783 463 2820 καλοῦσιν.
486 2777 502 2830 ³]
522 2779 547 2819 (tf.
568 2780 629 2820 Paus.
648 2780 672 2819 X.
691 2781 723 2826 38,
736 2780 755 2817 4.
771 2778 803 2817 cit.

28 2842 47 2894 ἐ.
63 2847 81 2885 6.
108 2844 124 2895 a)
139 2845 164 2886 cf.
178 2844 232 2884 idem
246 2846 270 2885 V.
286 2847 317 2894 14,
332 2847 350 2886 6.
364 2844 398 2883 cit.
412 2843 431 2894 ξ.
445 2846 465 2884 8.
