1798 3051
774 90 811 148 'aa

104 235 178 278 Iovem
193 234 292 277 omnibus
315 235 378 278 malis
401 239 447 279 tum
463 235 555 289 publicis
571 237 617 277 tum
632 234 724 289 privatis
739 233 808 277 homi-

33 330 72 362 nes
87 317 215 360 liberantem
225 317 306 360 dictum
316 329 364 361 esse
372 316 432 362 Ἐλε
440 318 489 362 υθέ·
496 311 564 379 ριον,
573 317 652 360 nemini
661 318 758 372 ignotum
770 318 810 359 est.

33 400 58 443 ld
77 399 135 453 quod
156 399 286 443 eocousilio
302 398 343 442 hoc
359 400 406 443 loco
422 399 633 444 commemorantium
649 399 707 451 dirui,
724 406 749 441 ut
763 410 807 440 mo-

33 494 106 534 neam,
125 481 162 525 illo
183 481 311 535 cognomine
330 495 378 525 enm
397 482 510 535 honorari,
538 481 590 537 quia
609 481 700 525 animam
722 493 809 535 quoque

33 578 60 608 ex
75 564 166 607 vinculis
186 552 283 618 corporis
304 564 383 608 leniter
404 564 505 618 expediat
521 568 586 618 atque
603 564 631 607 ad
647 567 757 607 aeternam
774 576 808 605 re-

32 646 104 701 quiem
118 646 227 696 traducat.
259 646 341 691 Tacit.
358 646 447 690 Annal.
463 646 509 690 XV.
526 647 560 689 64.
577 644 807 700 [Senecal'postre-

32 741 71 771 mo
88 731 217 783 stagnum
232 742 320 784 aquae
335 729 459 781 introiit,
475 740 646 783 respergens
665 729 808 783 proximos

33 823 186 862 servorum,
202 811 295 854 addita
315 824 392 855 voce:
414 811 504 854 libare
525 823 553 854 se
574 810 708 864 liquorem
730 810 808 852 illum

32 893 88 938 lovi
102 893 256 938 liberatori
272 892 463 954 (Elaooapc'qr).
475 893 530 936 lbid.
541 893 598 937 XVI.
614 894 650 937 35.
667 892 808 949 (Tbrasea)

32 980 175 1030 postquam
192 988 316 1019 eruorem
333 976 440 1028 effudit,
457 975 807 1031 humumsuperspar'gens:

32 1057 157 1111 libamus,
177 1058 279 1113 inqui-t,
295 1058 353 1103 lori
371 1058 540 1110 Liberatori.
557 1083 584 1087 —
601 1057 655 1101 Cum
670 1056 808 1118 Ἐλευθερίῳ

32 1144 54 1183 et
69 1140 167 1184 vocabuli
184 1144 205 1183 et
220 1140 316 1184 muneris
327 1140 466 1184 similitudine
481 1141 581 1196 Iuppiter
595 1138 695 1201 Σιιιῆρ
710 1140 807 1194 plerum-

32 1234 74 1278 que
96 1223 206 1277 congruit,
227 1235 291 1279 quem
307 1222 373 1265 variis
390 1222 495 1266 Graeciae
510 1223 563 1266 locis
580 1223 662 1266 cultum
678 1234 732 1275 esse,
749 1222 807 1277 apud

31 1305 161 1349 Pausaniam
181 1304 302 1361 legimus1)
339 1304 396 1349 Huic
416 1303 504 1360 quidem
520 1305 576 1358 illos,
592 1318 647 1360 quos
663 1318 675 1348 e
691 1308 752 1359 gravi
768 1304 807 1348 ali-

31 1400 74 1442 quo
90 1387 166 1431 morbo
182 1388 325 1442 liberavisset,
342 1389 425 1442 grat-ias
442 1387 514 1441 egisse
530 1399 622 1441 eumque
638 1389 669 1430 ita
684 1387 809 1443 Aesculapii

30 1469 68 1513 filii
84 1470 166 1513 vicibus
181 1470 279 1514 farnetum
291 1482 345 1524 esse,
357 1483 419 1513 nemo
431 1469 552 1512 mirabitur.
583 1470 613 1512 At
622 1470 676 1513 illud
686 1473 808 1513 memoratu

31 1552 181 1606 dignissimum
201 1556 244 1607 est,
264 1556 353 1612 Σοιιῆρι
368 1552 418 1596 huic
435 1552 561 1608 Μειλιχίου
578 1565 664 1607 quoque
680 1565 758 1595 nomen
773 1553 807 1594 in-

31 1634 100 1678 ditum
121 1647 176 1678 esse.
207 1633 287 1679 Exstat
307 1634 363 1677 enirn
384 1635 406 1677 in
427 1633 507 1677 celebri
528 1647 602 1678 museo
626 1635 725 1679 Parisino
749 1648 807 1678 mar-

30 1729 84 1769 mur,
100 1717 135 1761 cui
150 1717 204 1760 haec
220 1717 312 1772 legimus
328 1718 445 1771 iuscripta:

100 1797 266 1857 Ἀσκληπιάδης
286 1796 299 1844 ὁ
319 1796 517 1860 Ἀσκληπιοδώρου
538 1800 580 1845 Διῒ
599 1799 722 1858 Μειλιχίου.
754 1800 807 1853 Qui-

30 1880 71 1924 bus
87 1882 256 1937 anguis'acldita
272 1885 311 1937 est,
328 1895 392 1937 quarn
409 1881 503 1926 Milichie
519 1882 541 1924 iu
557 1882 617 1926 bisce
633 1895 721 1938 quoque
736 1882 808 1927 Nonni

28 1964 128 2009 versibus
144 1964 272 2009 attributam
287 1966 408 2019 reperimus
425 1963 524 2020 [Dionys.
541 1965 567 2007 V.
583 1964 655 2020 569.);

131 2045 169 2092 “Or
184 2046 233 2092 σε’κε
249 2045 407 2107 Περσεφόνεια
423 2046 553 2107 δροκονκείη
568 2046 624 2100 Διὸς
640 2046 693 2106 εὐνῇ

136 2127 254 2195 σύγγαμος,
271 2128 374 2174 nuilliaco
389 2129 552 2196 μελοηχλιιίνου
568 2132 685 2188 βασιλῆος,

134 2211 193 2264 Ζεύς
209 2210 245 2257 ὅτε
260 2211 427 2265 nuntiaturae,
444 2210 500 2267 ἔχων
517 2208 650 2271 ψευδημονσ
665 2211 761 2273 μορφήν,

135 2294 280 2358 Μείλιχος
296 2292 407 2354 ὶμερὸεννι
423 2288 513 2353 δράκων
528 2290 679 2350 κυκλούμενος
695 2292 761 2352 ὁλκῷ,

135 2372 283 2436 Περσεφόνης
298 2373 393 2432 σύλησεν
409 2372 562 2436 ἇνυμφεύσοιο
578 2376 674 2437 κορείην.

99 2459 133 2502 Ex
151 2459 191 2503 hae
211 2463 316 2517 Σωτῆρος
334 2462 356 2502 et
375 2456 500 2513 Μειλιχίου
522 2457 647 2502 confusione
663 2458 733 2502 lucem
748 2459 805 2503 acci-

29 2540 62 2594 pit
77 2540 138 2585 locus
153 2539 380 2597 hucusquedifficilis.
421 2539 508 2584 Tacit.
525 2541 619 2584 Annal.
635 2540 682 2585 XV.
700 2541 738 2585 ll:
760 2542 783 2585 M
789 2543 806 2584 i-

75 2719 77 2721 *
102 2740 115 2792 ¹)
129 2741 246 2781 Mantineae
259 2742 315 2781 VIII.
330 2742 348 2789 9,
364 2721 546 2781 LLacedaemone
559 2742 594 2780 IV.
609 2745 641 2793 31,
655 2744 674 2783 5.
689 2741 714 2782 cf.
724 2742 759 2780 IX.
773 2744 805 2791 26,

28 2806 48 2862 b.
80 2806 188 2856 Templum
205 2806 224 2845 ei
241 2805 379 2846 Athenienses
397 2806 418 2845 in
430 2806 510 2869 *Piraeo
528 2806 720 2846 exaedificaverant.
755 2807 811 2855 Lys.

28 2873 79 2921 δοκιμ.
93 2873 138 2911 790.
