1798 3051
85 92 114 136 30

83 223 157 273 utrum
178 220 205 264 ad
218 220 292 264 lovem
313 220 355 264 nnn
371 222 441 264 minus
461 222 595 275 spectauerit
610 233 675 275 quarn
691 221 718 263 ad
734 220 860 273 Minervam,
893 282 895 285 y

83 302 219 357 Neptunum
247 302 319 346 Solem
337 315 411 356 neone,
433 306 517 346 certum
532 316 575 346 non
591 303 660 347 habeo
680 303 739 358 quod
759 303 835 347 dicam.
843 302 860 357 ¹)

84 385 148 429 Tales
168 385 254 440 quidem
270 386 336 437 ritus,
357 384 432 439 quales
450 384 595 439 Seirophoriis
612 384 739 429 observatos
754 386 860 439 ridemus,

83 468 170 512 alonis
187 467 247 510 cultu
263 479 306 509 non
321 465 453 521 abhorrere,
473 461 620 521 fragmentum
636 467 745 522 quoddam
764 466 860 511 Dinae-

84 549 162 592 arohi
184 548 216 590 de
239 548 343 591 Pelion.
359 561 380 602 p.
396 549 431 592 29.
448 548 524 592 docet:
547 547 597 592 'Ea'
612 547 690 609 ἄκρας
712 549 737 593 di
759 555 799 606 τῆς
821 556 862 594 τοῦ

26 631 28 634 ’
84 629 152 692 ὅρους
168 630 370 692 anquene-Arde
385 629 478 676 (ἱκταίου
495 628 555 686 ἱερὸν
570 630 637 685 ἐστιν,
653 630 689 692 ἐφ’
704 627 861 689 ᾦιιαιάκυνὸς

84 712 199 770 α’να-ιολῆν,
215 712 271 757 κατὰ
286 712 311 758 τὸ
321 708 477 769 ἀκμαιότατον
492 717 568 769 καῦμα
584 711 731 769 ἀναβαίνουσι
742 718 786 758 τῶν
795 715 861 759 πολι-

83 800 128 841 τῶν
151 795 173 840 ol
196 795 381 855 ἐπιφανέστατοι,
402 791 550 851 ἐνεζιυσμὲνοι
566 791 640 838 κώδια
661 795 758 855 rotoma
781 796 860 841 καινὰ·

84 883 187 923 τοιοῦτον
209 877 329 934 συμβαίνει
352 876 446 921 §aiano
462 874 564 935 dqoogai
577 883 656 936 ψῦχος.
688 878 783 933 nocediq
797 879 861 934 quod,

85 963 142 1004 teste
157 960 235 1003 Paris.
255 960 272 1003 I.
287 960 323 1013 24,
339 959 359 1002 3.
380 960 403 1003 in
422 971 473 1003 arae
489 958 624 1003 Athenarum
644 963 717 1004 statua
732 960 774 1004 luit
785 964 862 1005 terrae

84 1042 220 1097 implorantis
239 1041 324 1095 Iovem,
345 1045 371 1084 ut
389 1041 506 1097 plueret2)
541 1040 584 1085 Sed
604 1045 696 1097 propter
719 1041 775 1086 hano
795 1044 863 1086 solam

85 1128 181 1169 statuam
201 1124 335 1177 similemque
355 1124 461 1167 vellerum
482 1136 545 1166 usum
560 1123 623 1176 idem,
640 1124 699 1179 quod
714 1124 809 1168 Pelionis
826 1138 862 1169 ac-

85 1206 145 1272 colae
166 1205 313 1258 celebrabant,
332 1204 502 1248 Atheniensibus
519 1218 605 1260 quoque
620 1206 738 1260 uindicare,
754 1207 863 1261 periculo-

86 1302 135 1332 sum
154 1288 252 1342 ridetur⁷
281 1287 367 1331 etiamsi
391 1287 474 1341 fateor,
499 1287 538 1331 illa
558 1287 643 1331 demum
668 1289 798 1334 lustratione
821 1290 863 1333 Mi·

86 1371 150 1416 lichio
166 1370 298 1423 adiudicata,
321 1370 447 1413 universum
463 1370 510 1413 eius
526 1367 607 1414 cultum
622 1364 742 1431 perlectum
759 1372 863 1426 quodam-

85 1452 149 1497 modo
166 1452 334 1507 absolutumque
350 1452 449 1495 euadere.

158 1534 263 1579 Solebam
281 1535 339 1577 enim
357 1535 498 1589 Seirophoria
519 1534 573 1578 obiri
593 1535 663 1578 medio
684 1535 730 1578 fere
747 1534 863 1590 Sciropho-

85 1619 147 1661 rione
162 1629 248 1671 mense,
269 1616 306 1659 illo
326 1616 395 1671 igitur
413 1616 463 1660 anni
484 1619 589 1670 tempore,
602 1630 648 1672 quo
665 1616 801 1661 Graecorum
816 1620 864 1672 agri

84 1701 150 1754 longa
177 1699 285 1742 siccitate
300 1698 390 1742 oruoiati
410 1698 519 1752 longoque
540 1698 592 1742 solis
612 1701 685 1741 aestu
697 1700 761 1752 tosti,
789 1700 864 1754 pluria

83 1780 171 1836 frigida,
188 1794 231 1836 qua
250 1780 322 1824 omnia
338 1780 439 1823 animalia
460 1784 483 1822 et
502 1782 601 1834 gramina
612 1780 755 1835 'reficiunlnq
771 1782 864 1826 maxime

85 1863 219 1918 indigebant.
266 1861 452 1915 Quemadmodum
475 1861 547 1916 vigitur
574 1863 675 1917 ingentes
702 1867 864 1919 perpetuosque

86 1946 167 1990 imbres
187 1934 337 1989 auotomnales
357 1959 370 1988 a
393 1945 450 1987 malo
469 1947 492 1987 et
510 1944 619 1989 irascente
634 1944 686 1988 love
706 1941 864 2003 (Μαινιάκιης)

19 2077 21 2080 ,
86 2026 198 2082 proficisci.-
211 2030 240 2080 et,
257 2039 320 2071 caesa
328 2027 417 2071 victima
432 2026 547 2081 ductaque,
565 2025 731 2071 siEnstathium
743 2028 864 2082 audiamus,

86 2122 172 2164 pompa,
188 2108 319 2152 avertendos
335 2121 384 2151 esse
400 2108 526 2160 eredebant,
542 2110 580 2162 ita,
596 2108 683 2152 furente
700 2108 757 2153 Sirio
773 2113 795 2152 et
811 2108 863 2151 defi-

86 2193 158 2235 ciente
174 2203 236 2245 aqua,
252 2190 331 2235 iterum
348 2190 395 2233 eius
410 2193 505 2233 arentem
518 2192 611 2243 alienam
620 2203 668 2234 esse
684 2191 770 2245 opinari
786 2191 861 2234 simili-

87 2286 130 2328 que
150 2286 200 2317 enm
218 2273 323 2328 religione
342 2272 483 2318 reconciliare
502 2277 611 2327 poterant.
629 2297 657 2303 -
673 2273 721 2326 Qua
738 2274 762 2316 in
781 2285 805 2316 re
826 2272 863 2316 ob·
885 2312 887 2314 .

87 2356 218 2399 servandum
234 2359 276 2409 est,
297 2368 338 2410 per
352 2354 426 2398 vellus
438 2355 516 2398 nubem
532 2356 672 2410 plu-viamque
688 2354 806 2410 significari
821 2368 865 2399 non

87 2437 159 2481 solum
181 2438 203 2480 in
225 2436 267 2482 hoo
287 2438 343 2492 ritu,
365 2430 410 2481 ⁴sed
430 2437 453 2480 in
475 2437 550 2481 multis
574 2449 661 2492 qnoque
684 2438 711 2481 de
732 2437 773 2481 diis
788 2450 864 2480 narra-

87 2519 191 2564 tionibus.

161 2765 314 2818 quaererer,
328 2767 426 2806 Demeter
442 2765 484 2806 und
497 2766 630 2818 Persephone
642 2780 663 2818 p.
677 2770 722 2809 247.
749 2767 766 2819 ᾖ)
785 2771 865 2824 ”Aquino

87 2842 118 2887 τῆς
129 2842 161 2887 γῆς
174 2834 277 2886 ἱκετευούσας
290 2831 329 2871 ὗσαί
342 2833 357 2870 οἱ
368 2834 396 2871 τὸν
409 2831 444 2872 Δία
