1798 3051
85 83 124 137 26'

83 221 175 266 liebus
197 221 270 277 (home
290 222 389 277 perditus
411 225 433 264 et
456 219 541 266 delator
556 223 649 276 venalis]
672 224 809 276 praemiis
825 223 862 266 di·

84 306 162 346 tatus
181 304 389 349 Geuserrateris
412 286 464 347 sibi
485 316 591 359 nemen⁷
616 303 724 348 Graec-0
745 306 804 348 eius
820 304 861 347 rei

84 385 222 429 vocabule
238 386 383 429 adsumsit.
864 383 865 386 ’

143 466 173 508 Et
181 466 212 509 sie
222 479 265 509 non
276 468 345 510 solum
355 451 431 510 nostra
442 468 469 510 de
478 468 580 510 terrestri
589 466 680 512 Milichii
688 470 768 510 natura
776 467 862 521 prolata

84 549 193 592 sententia
202 549 272 592 denuo
280 548 387 601 firmatur,
392 548 432 592 sed
440 550 512 592 omnia
517 561 604 603 queque
610 549 647 593 illa
652 549 710 592 Ievis
717 548 860 603 cognbmenta

85 633 107 673 et
114 629 242 683 functiones,
249 642 305 684 quae
314 642 408 684 anguem
416 630 516 672 comitem
524 628 611 684 babent,
620 630 710 672 eandem
719 633 820 673 naturam
828 631 861 674 in-

84 710 189 756 dicabunt
197 715 220 755 et
228 711 257 754 ad
264 711 384 756 Milichium
392 711 517 766 respicient.
527 735 554 741 —
562 711 635 754 Etiam
643 717 738 773 Σωτῆρα
752 711 863 755 interdum

84 805 156 847 angue
168 793 296 847 insignitum
309 793 377 837 fuisse
390 805 402 835 e
411 792 566 847 Faustinae,
575 793 595 836 5.
604 793 689 846 seimus
704 794 741 837 ubi
751 790 863 851 Σαώτης

85 874 172 928 quidem
190 875 293 929 legimus,
315 876 354 918 sed
370 875 428 919 nulle
445 875 507 918 nobis
526 875 672 928 incommodo,
694 887 760 929 quum
782 874 862 934 Σωτήρ

85 958 107 998 et
121 952 215 1013 Σαώτης
230 956 336 1000 voeabula
351 957 396 1000 sint
411 956 508 1001 eiusdem
524 958 563 1000 rei.
595 955 639 999 Sed
655 969 720 1010 quum
730 956 769 999 uni
780 958 861 1000 eidem-

85 1049 128 1092 que
147 1038 179 1081 rei
201 1038 246 1096 due
264 1037 299 1081 vel
313 1039 378 1093 plum
393 1042 415 1081 et
431 1039 559 1082 eadiversa
574 1038 662 1081 nomina
677 1038 723 1080 sine
738 1050 806 1081 eausa
820 1038 861 1082 im-

84 1120 136 1172 poni
151 1124 267 1175 nequeant,
286 1120 454 1181 intermarana
470 1132 556 1174 quoque
572 1123 594 1164 et
609 1119 732 1175 Μειλίχιον
747 1119 863 1163 discrimen

85 1200 106 1243 in
122 1200 240 1244 hunefere
256 1201 343 1245 niodum
359 1202 498 1245 statuendum
515 1202 568 1245 erit:
589 1202 615 1257 In
630 1201 734 1256 perieulis
749 1202 862 1245 undecun-

86 1296 128 1338 que
143 1283 202 1326 uitae
223 1286 245 1326 et
260 1283 326 1326 saluti
341 1283 434 1327 heminis
450 1282 611 1330 imminentibus
626 1283 786 1340 Μειλίχιον
801 1282 862 1327 blan-

86 1364 119 1409 dis
135 1363 236 1419 preeibus
257 1367 280 1409 et
300 1364 446 1409 oblationibus
464 1365 590 1420 precatoriis
609 1365 726 1420 opertebat
741 1364 808 1417 adire,
825 1366 863 1420 qui

85 1451 180 1507 Σωτῆρα
196 1460 244 1491 eum
259 1446 341 1490 habere
356 1446 463 1490 volebat·
481 1447 511 1490 Et
526 1447 561 1491 hie
577 1447 666 1502 quidem
676 1448 737 1491 loeus
748 1450 782 1490 est
793 1449 862 1491 inter-

85 1530 205 1583 pretationi
220 1523 352 1584 Μειλιχίου,
369 1542 433 1584 quam
449 1528 543 1583 Etymol.
558 1530 586 1573 lu.
603 1541 619 1573 s.
636 1541 661 1571 v.-
673 1527 773 1580 exhibet:
803 1528 863 1574 Μεί-

85 1611 148 1666 λιχος
168 1611 206 1655 καί
227 1610 350 1666 Μειλίχιος
374 1611 479 1667 σημαίνει
502 1609 540 1655 τὸν
563 1615 636 1677 πρᾷον
660 1611 698 1654 καί
719 1610 863 1671 πραϋντιιιὸν,

85 1691 169 1750 γίνεται
190 1691 235 1737 dud
256 1696 297 1737 τοῦ
316 1693 375 1749 μέλι.
395 1717 424 1722 -
445 1691 557 1748 Simulque
576 1693 690 1747 utriusque
711 1694 803 1736 nominis
824 1705 863 1735 eu-

85 1773 219 1828 phemismus
239 1777 338 1828 apparet.
373 1774 416 1817 Per
436 1786 460 1817 se
477 1776 534 1818 enim
549 1776 688 1819 manifestum
704 1777 744 1828 est,
760 1773 809 1817 fieri
823 1787 862 1829 po·

85 1856 159 1910 tuisse,
176 1858 201 1899 ut
215 1855 282 1899 misse
296 1855 393 1900 Milichie
409 1856 484 1899 statim
499 1856 527 1900 ad
542 1861 637 1918 Σωτῆρα
652 1847 729 1910 preees
745 1854 863 1899 funderen-

85 1940 128 1992 tur,
145 1937 209 1991 eique
224 1937 266 1982 hoc
281 1949 359 1980 nomen
375 1939 419 1981 iam
434 1942 485 1980 ante
500 1938 569 1981 latam
585 1951 646 1992 opem
662 1937 781 1981 inderetur.

399 2135 418 2191 s.
449 2136 484 2180 14.
555 2182 557 2184 ,

156 2241 240 2294 Quibus
256 2243 283 2286 de
298 2248 389 2302 Σωτῆρι
405 2245 428 2285 et
441 2238 558 2301 Ἐιτιδαίτῃ
574 2241 685 2295 expositis,
700 2241 729 2285 ad
740 2253 814 2285 eorum
825 2254 864 2285 na-

86 2326 159 2366 turam
181 2323 259 2366 melius
280 2323 443 2378 intelligendam
460 2323 543 2378 aliquid
559 2335 599 2366 nes
616 2335 664 2366 esse
680 2323 784 2367 allaturas
801 2322 863 2367 duxi-

85 2417 140 2460 mus,
157 2407 176 2450 si
192 2405 219 2449 de
233 2404 342 2464 Ἀχαδῴ
357 2405 475 2463 δαίμονι
491 2418 560 2460 patrea
568 2405 737 2449 adiunxerimus.
768 2405 809 2449 Est
825 2419 863 2449 au-

86 2486 418 2542 temnetusetexHesyehio
440 2499 456 2531 s.
473 2500 492 2531 v.
513 2486 633 2544 Ἀγαθοῦ
653 2487 786 2543 δαίμονος
801 2484 864 2543 ττόιια

85 2569 110 2615 τὸ
132 2569 189 2626 μετὰ
208 2570 300 2615 δεῖπνον
319 2567 415 2630 dueatur
434 2566 554 2625 πινόμενον
570 2570 632 2628 παρὰ
647 2568 778 2627 Ἀθηναίοις
796 2595 825 2600 -
841 2575 863 2613 et

86 2665 101 2695 e>
116 2650 234 2695 Diodoro
245 2651 282 2694 IV.
294 2652 314 2694 3.
332 2652 405 2696 Φαοίν
415 2650 453 2696 ἐντί
464 2656 508 2695 ταῖν
519 2651 622 2705 δείπνοιο,
634 2650 686 2696 ὅταν
697 2649 793 2712 ἄκρατος
803 2647 864 2703 οἶνος

84 2733 263 2787 ἐπιδιδῶται,
295 2733 466 2793 ποοςεπιλέχειν
497 2733 606 2792 α’χαδοῦ
629 2733 776 2789 δαίμονος,
811 2726 864 2778 ὅταν

85 2817 110 2861 δὲ
124 2816 181 2873 μετὰ
196 2816 221 2862 τὸ
237 2816 329 2861 δεῖπνον
345 2816 440 2860 διδῶται
457 2816 592 2875 κεκραμένος
605 2814 678 2868 ὕδατι,
694 2815 763 2867 Διὸς
777 2819 864 2873 Σωτῆ-
