1798 3051
783 97 814 141 23

103 228 156 272 Nou
175 229 253 284 igitur,
272 231 297 272 ut
316 227 450 284 Prenerus1)
472 228 553 284 aliique
573 227 655 279 volunt,
671 225 814 270 terrestribus

37 313 100 356 lueus
109 314 194 355 tantum
210 311 350 355 consecratus
366 309 414 364 fuit,
430 311 534 365 templum
551 323 603 353 vero
611 308 658 352 Iovi
673 308 814 352 amicitiae

37 393 144 449 praesidi,
165 393 206 437 sed
226 397 344 449 utrumque
364 393 392 437 ad
408 396 525 437 terrestres
544 393 597 436 deos
616 392 722 446 pertinet,
741 393 815 434 itaut

36 477 110 520 Iovem
126 488 212 531 quoque
229 476 309 520 Φίλιον
320 478 448 518 terrestrem
457 472 505 519 esse
515 475 655 530 perspicuum
666 474 701 517 sit.
733 473 814 517 Verum

37 557 94 613 enim
102 570 154 602 vero
163 557 200 602 ille
207 557 312 612 Iuppiter,
322 557 359 612 qui
367 558 484 601 amicitiam
492 560 573 610 tuetur,
583 556 635 612 quid
644 569 693 599 cum
704 554 783 599 Cerere
792 558 815 598 et

36 639 169 694 Proserpina
188 652 306 692 commune,
330 652 372 695 quo
388 644 433 684 tam
449 629 510 683 areta
526 652 600 683 earum
616 639 686 693 possit
701 638 827 683 vicinitate

37 721 148 777 gaudere?
183 720 275 765 Nomine
294 734 359 776 spero
375 721 423 772 tore
437 722 551 774 neminem,
568 721 604 775 qui
621 719 751 774 offendatur,
766 719 813 763 for·

36 805 93 849 tuito
115 803 171 848 enirn
186 803 268 849 factum
284 815 332 848 esse
348 807 411 858 puto,
427 806 452 847 ut
468 816 516 848 eum
532 803 569 847 illo
585 805 697 857 congruat,
714 801 773 857 qirod
788 815 815 846 ex

38 886 146 930 amicitiae
161 886 283 940 patrocinio
300 886 390 940 aceepit.

46 994 49 999 -
108 969 167 1021 Quas
188 968 281 1023 denique
302 971 377 1021 partes
395 962 665 1023 Iuppiter’Enrcloiepg
681 967 812 1011 sustinuerit

37 1050 79 1094 viri
95 1050 152 1094 docti
168 1050 288 1104 ambigunt.
318 1043 422 1093 Nonnulli
433 1049 516 1093 iterum
533 1049 561 1092 ad
577 1048 747 1103 euphemismum
763 1062 814 1092 eon-

38 1131 126 1194 fugiunt
147 1135 170 1175 et
190 1143 390 1184 averruncum,
411 1130 457 1187 alii,
479 1143 491 1174 e
510 1130 588 1186 quibus
610 1130 814 1185 Siebelisium2)

37 1213 115 1267 laudo,
140 1226 194 1256 *eum
214 1212 334 1256 beneficum
356 1214 420 1256 deum
441 1225 489 1277 esse
505 1212 619 1267 disputant
633 1224 761 1266 nomenque,
778 1224 814 1256 ex-

36 1295 97 1340 cluso
113 1292 268 1349 euphemismo,
285 1293 408 1349 significare
424 1297 447 1337 et
462 1295 591 1338 vertendum
607 1306 666 1337 esse:
684 1294 728 1349 qui
744 1294 815 1337 bona

36 1376 89 1419 dat.
131 1375 214 1428 Quibus
230 1389 271 1431 ego
287 1376 401 1419 assentior.
422 1409 424 1411 .
442 1376 569 1430 Namquee
592 1374 748 1418 Plutarcho
771 1388 814 1418 non

36 1470 96 1501 suan.
113 1457 154 1501 viv.
170 1470 191 1512 p.
208 1458 257 1501 252.
287 1457 352 1501 Frob.
377 1462 427 1502 Τῶν
443 1457 467 1502 δὲ
486 1454 560 1501 ἄλλων
581 1461 642 1501 θεῶν
663 1454 676 1501 ὁ
697 1456 739 1512 μέν
753 1455 814 1501 ἐστιν

35 1534 190 1595 ἐπιδοίης,
211 1536 224 1583 o‘
242 1539 267 1583 os
286 1539 410 1595 μειλίχιος,
439 1536 451 1583 ὁ
470 1539 495 1583 δὲ
515 1536 646 1589 ἀλεξίκακος
670 1563 693 1567 -
714 1538 813 1592 quamvis

35 1617 166 1671 Ἐπιδώτου,
181 1619 313 1675 Μειλιχίου,
330 1616 480 1671 Ἀλεξικοίκοο
492 1619 637 1673 epithetorum
653 1618 815 1662 similitudinem

36 1701 192 1754 concedamus,
221 1701 360 1743 nibilominus
379 1701 402 1743 id
422 1704 525 1755 apparet,
549 1701 622 1755 aliqua
637 1713 663 1743 ex
679 1705 742 1754 parte
757 1700 815 1744 inter

36 1794 64 1833 ea
84 1781 261 1836 distinguendum
281 1794 335 1826 esse.
372 1781 502 1837 Μειλίχιος,
523 1785 548 1824 ut
564 1784 710 1836 eognovimus,
727 1783 813 1826 iraoun-

37 1863 77 1906 dus
104 1866 138 1906 est
164 1868 187 1907 et
211 1863 311 1906 saeviens
337 1866 359 1905 et
381 1862 484 1917 precibus
507 1863 650 1917 mitigandae,
673 1862 816 1915 Ἀλεξίκακος

37 1956 171 1988 averronous
194 1944 251 1988 nude
277 1944 357 1987 dicitur
372 1948 395 1987 et
409 1944 481 1988 missis
505 1944 639 1999 ambagibus,
665 1943 815 2003 Ἐπιδώτης

35 2025 103 2079 igitur
111 2038 155 2068 una
163 2038 213 2068 eum
220 2025 280 2068 bisce
290 2025 447 2078 praedicatum,
464 2026 524 2068 aliud
541 2026 634 2080 quidem,
651 2029 815 2069 verumtamen

36 2106 90 2149 nihil
111 2119 202 2161 prorsus
218 2106 312 2151 alienum
327 2106 438 2151 indicabit.
469 2107 503 2149 Ad
519 2107 577 2161 quod
592 2107 757 2162 intelligendum
768 2107 815 2161 ipse

36 2188 158 2232 Pausanias
178 2192 300 2243 opportune
319 2201 359 2232 nos
380 2188 446 2231 ducit.
481 2188 565 2244 ludim]
582 2190 640 2232 enirn
656 2188 750 2243 quodam
766 2188 814 2232 loco

37 2268 129 2313 Somni
145 2273 167 2313 et
183 2269 286 2312 Somnii
302 2273 395 2324 statuas,
412 2282 466 2324 quos
481 2269 538 2312 ultro
554 2270 744 2313 terrestribus
761 2270 815 2312 diis

37 2346 234 2404 adnumerabimus,
255 2354 277 2395 et
294 2350 423 2396 Ἐπιδοιιιῦν
446 2356 508 2396 θεῶν
523 2350 626 2394 sacellum
642 2364 710 2405 prope
731 2352 814 2394 Aescu-

37 2431 90 2486 lapii
106 2432 211 2487 templum
227 2432 324 2487 sienne)
355 2432 437 2476 Verum
455 2446 473 2476 si
488 2433 611 2487 Aesculapii
623 2437 708 2486 natura,
721 2447 732 2477 e
744 2436 816 2478 terrae

110 2698 122 2748 ¹)
140 2698 249 2750 Arebaeol.
268 2698 355 2748 Zeitung
374 2700 431 2751 1845.
451 2711 483 2737 no.
498 2702 530 2739 31,
558 2698 573 2748 ²)
587 2700 621 2739 An
634 2701 695 2739 Pausss
710 2702 736 2740 H.
751 2703 783 2749 27,
798 2703 816 2739 7.

34 2761 51 2812 3)
65 2763 93 2802 Π.
108 2765 139 2812 10,
154 2763 173 2801 2.
198 2758 278 2816 Ἀγαλμα
288 2762 384 2813 Ὀνείρου
397 2764 423 2802 καὶ
432 2765 509 2805 Ὕπνος
522 2766 640 2814 κατακοιμίζων
649 2768 714 2810 λέοντα,
725 2767 817 2804 Ἐπιδώ-

35 2844 72 2881 της
89 2829 107 2865 δὲ
123 2826 209 2881 ἐπίκλησιν.
237 2829 253 2876 4]
269 2831 293 2865 II.
310 2831 339 2873 2ί,
356 2831 366 2866 7
396 2828 463 2867 Ὁπόσοι
476 2830 494 2866 δὲ
506 2829 614 2876 Ἀντωνῖνος,
628 2832 669 2884 ἀνὴρ
681 2839 711 2882 τῆς
725 2830 817 2883 συγκλήτου
