1798 3051
771 80 800 124 33

9 207 10 211 ’
22 225 124 268 mumque
139 212 277 269 relinquebat
292 215 315 256 et
329 212 422 256 salutem
438 210 490 266 iuga
505 210 601 266 pet-ebat.
613 201 732 264 [Iuppiter
743 209 800 252 enim

22 295 82 350 ipse,
101 296 138 350 qui
158 294 341 353 Παλαμνικίου
362 297 384 338 et
404 293 627 355 Προςτροποιίοο
648 291 735 335 nomina
749 291 800 336 inde

22 376 160 430 merebatur,
179 377 264 432 legibus
286 376 365 421 divinis
385 376 472 420 violatis
487 375 547 419 ultor
562 375 677 429 exsistens,
693 372 799 417 nefarium
851 363 857 373 ’

22 459 126 513 persequi
145 463 168 502 et
186 457 296 502 interiecti
315 458 489 512 consanguineis
502 460 573 500 morte
593 454 729 499 multandum
747 467 799 509 per·

23 541 111 583 mittere
132 539 270 592 credebatur.
305 541 351 584 Reo
371 540 394 582 in
414 542 476 582 tanta
491 538 593 593 augustia
607 538 726 582 const'tuto
742 536 800 591 apud

23 634 87 677 quem
97 603 235 676 potissimum
252 624 323 664 tutum
338 622 422 676 asylum
437 619 533 676 patebat,
549 620 592 664 nisi
606 619 665 674 apud
675 618 799 674 hospitem?

23 704 57 747 Ad
72 716 136 759 quem
152 717 219 759 quum
234 704 341 758 pervenit,
357 702 451 747 considit
466 701 494 745 ad
509 700 587 755 focum,
603 702 629 745 fit
647 702 723 755 igitur·
732 699 799 760 'Erpa'-

22 801 91 838 σαιος,
108 789 130 829 et
145 785 218 841 gladio
233 789 272 829 aut
287 797 313 828 eo
329 785 481 845 instrumento,
497 796 540 839 quo
557 783 645 827 caedem
661 781 758 838 perfecit,
777 784 800 826 in

22 871 103 911 terram
118 868 229 922 inclinato,
245 867 343 911 demissis
355 867 429 920 oculis,
450 866 614 921 supplicem,
630 866 643 910 i.
660 878 678 909 e.
695 864 800 922 Ἱκέτην,

21 948 242 1011 ‘Aqlneopasese
253 948 350 1004 praebet.
381 949 405 992 In
417 961 460 1005 quo
471 947 608 992 manifestum
625 951 665 1001 est,
681 946 735 992 haec
750 960 799 990 rur-

26 1044 64 1075 sus
79 1033 167 1075 uomina
182 1044 208 1076 eo
224 1032 312 1075 consilio
327 1031 374 1074 Iovi
390 1030 497 1074 attributa
512 1043 567 1083 esse,
584 1034 608 1073 ut
619 1042 715 1073 summus
726 1031 799 1084 legum

22 1117 96 1158 custos
117 1116 140 1157 et
157 1113 216 1157 ultor
230 1115 278 1169 ipse
294 1113 368 1157 videre
375 1112 544 1167 intelligeretur,
557 1124 584 1155 ne
593 1111 649 1167 quis,
665 1123 729 1166 quem
745 1110 798 1156 laci·

24 1197 84 1240 noris
99 1195 229 1250 poeniteret,
245 1208 287 1250 ope
302 1195 393 1244 deorum
412 1194 544 1249 privaretur.
566 1219 592 1225 —
614 1194 700 1249 Hospes
721 1194 799 1238 deinde

22 1280 86 1332 pater
100 1276 200 1340 familias,
220 1289 280 1321 more
295 1276 432 1331 antiquitatis
448 1276 564 1320 sacerdotii
581 1260 666 1319 'munus
689 1288 799 1332 exercens,

22 1359 67 1405 alto
83 1372 189 1415 sacroque
205 1359 292 1404 silentio
307 1359 421 1414 porculum
435 1359 540 1412 immolat,
556 1359 662 1413 sanguine
676 1358 800 1413 parricidae

22 1441 102 1496 digitos
118 1441 203 1496 irrigat,
220 1441 248 1484 ad
263 1440 382 1485 Milichium
393 1452 470 1495 preces
481 1439 559 1484 fundit.
591 1440 638 1493 Quo
649 1439 715 1495 facto,
727 1441 799 1484 omnia

23 1523 117 1579 quaein
133 1535 196 1568 sacro
211 1535 254 1567 usu
269 1522 363 1576 luerunt,
383 1522 497 1575 tolluntur,
513 1522 658 1577 plaguuculae
674 1525 799 1575 cremantur

22 1608 49 1649 et
60 1617 118 1660 aqua
132 1604 220 1650 libatur.
251 1605 318 1649 Hisce
333 1606 374 1649 rite
389 1603 496 1658 peractis,
516 1604 605 1647 crimine
622 1604 666 1647 iam
685 1603 798 1647 absolutus

22 1690 61 1731 aut
79 1686 159 1743 hospes
180 1686 207 1731 ab
227 1687 314 1742 hospite
330 1687 449 1740 salutatur,
472 1690 521 1740 aut,
538 1687 556 1729 si
571 1687 659 1740 ignotus
676 1689 721 1739 est,
738 1687 797 1742 quis-

21 1782 71 1813 nam
87 1771 117 1814 sit
132 1775 154 1814 et
169 1769 226 1812 unde
241 1769 321 1822 veniat,
336 1770 492 1823 interrogatur.
500 1769 516 1823 ¹)

21 1957 233 1965 -—-——-

95 2103 108 2155 ¹)
121 2103 217 2144 Laudare
233 2103 291 2143 iuvat
307 2103 412 2154 Apollonii
426 2102 492 2144 Rhod.
506 2103 620 2153 Argonaut.
634 2103 669 2144 IV.
684 2105 723 2144 693
737 2115 797 2154 seqq.

21 2181 95 2210 versus
109 2168 134 2209 de
148 2169 226 2209 Iasone
241 2170 262 2208 et
275 2167 359 2207 Medea:

128 2249 156 2285 Τὼ
169 2247 184 2284 δ’
200 2248 243 2284 ἀνεοι
255 2245 281 2284 καὶ
293 2247 361 2284 ἄναυδοι
374 2246 400 2297 ἐφ’
415 2243 460 2296 ἑστίᾳ
473 2246 561 2289 ἀΐξαντες,

126 2308 188 2357 ἵζανον,
200 2313 212 2365 ᾗ
224 2326 243 2348 τε
255 2309 290 2359 δίκη
303 2312 369 2363 λορροῐς
382 2311 441 2363 ἱκέτῃσι
452 2311 535 2348 τέτυκται·
605 2345 607 2348 ,
668 2334 676 2350 a

126 2376 137 2429 ⁷¹]
150 2377 178 2424 μὲν
190 2377 217 2414 ἐπ’
232 2376 331 2426 ἀμφοτέραις
343 2377 404 2428 θεμένη
417 2372 487 2425 χείρεσσι
499 2377 572 2423 μέτωπα,

127 2439 179 2489 αὐτὰρ
191 2438 200 2478 ὁ
212 2447 278 2492 κωπῆεν
291 2440 333 2492 μέγα
345 2442 428 2492 φάσγανον
440 2440 457 2478 ἐν
469 2438 518 2491 χθονὶ
529 2440 591 2493 πήξας,

127 2504 172 2553 ᾧπερ
184 2504 247 2558 Αἰήταο
260 2506 299 2541 colio
311 2507 375 2550 κτάνεν,
387 2504 427 2541 οὔτε
439 2504 476 2541 ποτ’
492 2503 531 2542 ὄσσε

127 2568 164 2610 ἰθὺς
176 2567 199 2607 ἐνὶ
211 2570 305 2620 βλεφάροισι
317 2569 411 2619 ἀνέσχεθον
424 2566 482 2606 αὐτίκα
494 2568 539 2620 {pum}

127 2631 177 2686 Κίρκη
191 2634 247 2684 φύξιον
259 2632 304 2671 οἶτον
317 2633 421 2681 ἀλιτροσύνας
433 2647 452 2669 τε
464 2633 525 2684 φόνοιο.

22 2707 53 2748 ef.
73 2718 156 2758 quoque
172 2707 259 2758 Preller,
276 2705 358 2747 Griech.
374 2705 438 2757 Myth.
458 2706 474 2746 Ι.
491 2719 511 2758 p.
530 2708 562 2747 94.
593 2708 697 2748 Hermann
715 2709 797 2750 Gottm-

21 2772 95 2813 dienst.
115 2770 203 2812 Alterth.
227 2772 246 2812 d.
265 2770 368 2812 Griechen
385 2769 405 2822 ξ.
424 2773 456 2813 23.
473 2771 507 2813 liu.
527 2774 547 2812 et
570 2773 661 2814 eiusdem
675 2772 694 2824 ξ.
708 2776 749 2815 not.
764 2775 796 2815 18.
844 2774 846 2776 ’

22 2839 53 2878 19.
68 2839 100 2878 21.

586 2900 600 2944 3
