1798 3051
786 93 813 136 31

109 221 174 265 Iuvat
189 221 229 266 hoc
245 222 292 279 loco
303 222 362 266 iilam
377 236 546 268 commemorare
557 235 664 278 pompam,
681 235 745 277 quam
755 221 815 265 XIX.

39 303 191 358 Munychionis
207 304 242 348 die
258 305 343 359 equites
360 306 503 349 Athenienses
518 306 566 349 Iovi
581 305 696 369 ducebant.
727 304 761 347 De
773 316 816 359 qua

39 398 105 440 quum
122 388 211 442 praeter
226 387 432 443 Plutarchum1)
449 392 534 432 veteres
551 390 652 432 auctores
664 390 758 440 taceant,
775 386 815 429 du-

39 470 210 525 bitaripotesm
225 481 286 512 num
306 471 392 514 omnino
411 483 460 514 cum
480 472 570 526 antiquo
589 469 679 514 Milichii
699 469 760 513 cultu
780 480 816 512 co·

39 553 136 598 haereat.
174 541 264 596 Talium¹
275 552 331 595 enim
347 565 481 615 pomparum,
498 552 584 607 quales,
604 553 677 596 ⁴auctis
693 552 727 595 rei
742 551 814 606 pubii-

40 648 78 679 cae
94 621 251 690 opibus-apud
268 634 412 678 Athenienses
428 636 460 678 ita
474 633 553 678 florere
568 635 673 690 videmus,
689 638 714 678 ut
730 635 815 688 equites

39 730 83 761 non
98 717 202 778 minorem
219 730 245 760 ex
260 716 286 759 iis
303 730 367 772 quam
383 729 410 759 ex
424 716 490 759 rebus
506 716 529 758 in
544 715 602 760 hello
617 716 673 759 bene
688 716 758 770 gestis
767 715 815 759 lau·

38 785 88 842 dem
108 801 257 852 mererentur,
277 799 368 854 antiqua
389 800 462 853 aetate
482 798 547 856 nulla
560 798 701 842 inveniuntur
716 797 815 853 vestigia.

40 882 70 924 At
91 892 118 924 ne
141 886 233 935 possunt
256 881 343 935 quidem
365 879 410 924 ulla
432 884 530 935 exstare,
558 892 625 936 quum
647 880 730 924 ordinis
757 880 815 923 iilius

39 963 154 1018 equestris.
164 964 228 1008 initia
243 965 265 1005 et
280 964 414 1007 incrementa
425 943 532 1006 'Solonem
548 962 634 1005 demum
649 965 760 1006 auctorem
775 961 814 1005 ha-

39 1044 111 1088 beant.
142 1044 331 1088 Erecentioribus·
345 1044 432 1099 quidem
448 1044 471 1087 Ο.
487 1044 511 1089 F.
528 1044 709 1101 Hermannos,
730 1043 815 1087 deiide

39 1126 154 1170 Plutarchi
170 1126 277 1180 dubitans,
293 1126 349 1170 hanc
363 1138 470 1181 pompam⁷
487 1138 546 1181 quae
557 1126 654 1169 Diasia
669 1127 816 1181 equestria

39 1209 110 1263 vulgo.
130 1208 279 1263 appellamus„
300 1208 470 1252 Anthesterione
490 1221 567 1252 mense
585 1212 654 1253 aetam
675 1220 724 1252 esse
743 1209 816 1262 suspi-
883 1195 886 1203 ’

40 1294 102 1335 catus
118 1291 193 1343 esth:

335 1480 336 1483 ’
386 1490 404 1546 a
436 1479 470 1534 ri.

111 1593 203 1639 Milichit
216 1595 346 1650 purgatoria
364 1595 396 1639 vis
412 1595 493 1655 inillis
509 1607 596 1650 quoque
612 1586 752 1639 caeremoniis
768 1607 815 1646 cer-

40 1674 112 1730 nitur,
132 1676 212 1731 quibus.
228 1676 330 1732 privatim
350 1676 448 1721 homines
470 1689 535 1730 quum
557 1677 636 1720 ceteris
657 1682 703 1731 tum
723 1676 815 1720 maxime

40 1749 171 1812 patratae
194 1758 284 1803 caedis
307 1758 370 1813 culpa
393 1758 541 1802 solvebantur.
556 1783 586 1788 —
601 1757 726 1802 Parricidae
750 1759 813 1819 enim,

40 1850 107 1893 quum
122 1840 195 1895 vitam,
212 1841 307 1884 omnium
322 1839 428 1883 bonorum
438 1853 545 1884 summum
559 1843 581 1884 et
596 1832 749 1894 dulcissimum,
765 1852 816 1894 per-

40 1921 124 1976 derent,
141 1934 251 1977 quumque
266 1922 299 1965 rei
314 1921 413 1976 publicae
429 1925 511 1977 statum
527 1922 665 1977 orariumque
685 1921 778 1965 salutem
793 1923 817 1965 in

41 2002 157 2049 discrimen
177 2006 290 2057 vocarent,
311 2016 338 2047 ex
357 2005 453 2047 unanimi
471 2004 602 2061 populorum
618 2015 731 2057 consensu,
751 2003 815 2046 immo

40 2099 67 2151 er
87 2085 135 2140 lege
156 2086 183 2130 ab
202 2086 251 2139 ipsa
271 2089 350 2128 natura
370 2087 515 2141 praescripta,
536 2085 594 2139 quod
614 2089 661 2128 tam
680 2085 773 2128 sceleste
794 2088 817 2127 et

40 2166 122 2228 nefarie
142 2160 310 2222 commisissent,
334 2167 419 2210 nonnisi
435 2170 504 2210 morte
520 2167 581 2210 luere
596 2179 670 2221 posse⁷
688 2170 733 2220 aut,
749 2169 775 2209 ut
790 2179 816 2209 ex

40 2249 127 2304 ingenio
140 2248 282 2301 [Graecorum
302 2250 386 2304 icquar,
403 2249 445 2300 diis
460 2247 537 2292 inieris
553 2248 633 2293 addicti
649 2261 698 2292 esse
713 2247 816 2292 videban-

40 2333 84 2374 tur.
120 2330 164 2375 Scd
179 2322 251 2375 tamen
266 2331 325 2373 haud
345 2330 408 2374 facile
425 2331 491 2384 ullam
505 2330 602 2373 invenies
618 2335 704 2385 gentem
720 2334 766 2374 tam
781 2342 816 2372 se-

40 2426 114 2457 veram
135 2416 158 2456 et
178 2427 191 2457 a
210 2414 297 2457 mitiore
318 2413 384 2456 animi
398 2396 471 2456 indole
487 2415 532 2455 tam
547 2412 650 2466 alienam,
664 2425 731 2468 *quae
746 2412 817 2456 scelus

114 2711 127 2763 ¹)
141 2709 239 2751 Phocion.
254 2722 271 2751 0.
286 2712 367 2753 37.,,Ἧν
382 2714 400 2750 δὲ
414 2714 468 2766 ἡμέρα
483 2713 533 2767 μηνὸς
545 2689 662 2766 Μουνυχιῶνᾷς
679 2716 728 2768 &adep
741 2713 767 2752 ἐπὶ
779 2715 818 2751 δέκα

40 2778 67 2822 aad
78 2783 103 2827 τῷ
115 2781 141 2829 hat
152 2780 182 2833 τὴν
195 2779 262 2832 πομπὴν
275 2780 367 2826 πέμποντες
380 2779 396 2815 οἱ
414 2778 469 2819 ἱππεῖς
486 2779 595 2832 παρεξῄεσαν.
626 2774 642 2826 ²)
668 2775 817 2816 Schneidewin.

40 2840 142 2891 amureg:
156 2840 227 2890 Jahrg.
242 2840 269 2880 lu
283 2838 333 2878 Heft
346 2842 364 2879 1.
378 2851 397 2889 p.
413 2842 444 2880 102
459 2851 503 2889 seq.
