1798 3051
102 101 137 169 12Ι

100 233 145 272 tres
162 228 295 273 Graecorum
315 230 345 273 dii
360 230 424 274 inferi
444 243 469 273 eo
485 230 571 273 nomine
587 230 705 285 appellati:
736 230 878 283 Demeter,

100 309 289 364 Persephone,
306 311 398 363 Pluto,
423 311 460 364 qui
480 311 544 353 iidem
560 311 629 353 Boni
647 309 769 366 Dii-(deal
785 310 877 367 ἀγαθοί)

101 391 322 449 nuncupabantur).
345 392 365 434 A
385 394 521 435 mortuorum
541 392 662 436 rectoribus
678 404 756 436 nomeu
775 391 803 435 ad
818 392 878 447 ipsos

99 477 197 517 mortuos
217 474 359 530 transibam),
382 475 426 530 qui,
447 478 472 518 ut
493 487 520 517 ex
538 475 635 518 Hesiodo
654 478 730 518 notum
746 474 811 530 este),
835 488 877 517 non

100 555 170 598 minus
198 568 263 610 quam
286 556 316 599 dii
338 555 403 599 inferi
427 556 505 599 oblatis
526 559 551 612 Uet
570 555 709 600 libationibus
728 555 878 610 placabantur.

101 637 184 689 Quibus
206 637 305 680 omnibus
325 637 406 682 debita,
416 650 478 681 sacra
493 637 551 682 facte
567 651 627 691 esse,
646 651 701 692 puer
717 628 804 692 quidam
819 651 877 681 mor—

100 721 152 761 tuus
172 718 194 761 in
213 719 319 762 Boeokhii
342 718 365 762 0.
378 719 471 773 ivm.
493 718 506 761 l.
527 732 548 773 p.
569 718 619 762 537.
640 731 659 762 m
679 719 729 763 956.
745 732 765 762 v.
781 719 801 762 5.
818 731 878 774 seqq.

99 805 182 844 narrat.
242 834 245 838 .

131 883 177 927 Ναὶ
192 882 237 940 μὴν
252 883 290 926 καὶ
305 880 397 927 πάντων
411 899 440 938 με
456 883 536 936 καλῶν,
552 880 594 927 ὅσα
609 883 676 927 notul
691 882 813 943 φερίοτοις,

130 966 216 1021 πλῆσεν
231 961 378 1025 ποοφρὸνεως
393 964 486 1016 κλεινὸς.
496 963 559 1020 ἐμεῖο
573 963 654 1024 πατήρ.
718 1012 720 1015 .

125 1043 207 1106 πάσας
221 1045 264 1106 γὰρ
280 1041 361 1103 λοιβάς
373 1055 400 1090 ’τε
415 1047 452 1090 καὶ
469 1043 526 1091 ὅσσοι
540 1045 626 1102 μέμηλε
642 1050 739 1098 θεοῖσιν,

130 1127 196 1174 εἵνεκ’
210 1128 266 1186 ἐμῆς
281 1132 358 1185 ψυχῆς
374 1127 401 1172 οὗ
415 1128 468 1171 λίπε
484 1127 646 1182 μειλιχίοις.

173 1210 209 1254 Sin
228 1217 301 1254 autem
319 1209 489 1264 appellabantur,
508 1211 583 1253 eodem
604 1209 759 1264 euphemismo,
776 1223 819 1265 quo
835 1211 878 1253 Ro·

100 1292 171 1335 manis
190 1292 235 1335 vita
254 1291 351 1334 defuncti
369 1291 462 1349 Manes
482 1290 499 1352 i.
512 1302 529 1333 e.
546 1290 613 1332 Roni
629 1294 651 1333 et
665 1290 701 1333 Dii
715 1290 779 1334 inferi
796 1291 876 1334 Aver-

101 1374 198 1426 runem
215 1373 303 1428 utrique
318 1385 462 1428 unaquoque
478 1371 624 1427 appellatione
646 1372 798 1416 Inferorum
821 1386 878 1416 com-

100 1455 300 1510 prehendebantur.

171 1538 213 1581 Est
224 1536 311 1592 quiden]
321 1536 395 1579 Venus
405 1530 495 1590 'quoque
507 1535 567 1590 apud
577 1535 721 1585 Plutarchum
732 1537 879 1592 Μειλιχίου

104 1620 232 1674 cognomine
253 1622 343 1671 ornata,
364 1619 409 1670 sed,
430 1618 482 1661 lieet
502 1619 549 1660 eius
565 1609 644 1660 natura
664 1631 707 1660 uon
723 1618 793 1661 aliena
809 1619 838 1660 sit
853 1619 880 1661 ah

102 1701 139 1744 illa
147 1700 247 1745 terrestri
258 1700 285 1753 vi,
303 1712 346 1754 qua
354 1699 473 1754 gignuntur
484 1699 555 1741 omma
566 1702 589 1742 et
598 1700 692 1752 aluntur,
705 1713 718 1749 e
731 1699 779 1743 loeo
790 1700 879 1744 manife-

102 1785 160 1825 stum
181 1785 226 1834 est,
253 1794 301 1825 eam
315 1781 389 1823 mitem
413 1785 436 1824 et
459 1771 569 1824 amicam
590 1781 666 1825 deam
686 1781 753 1824 Marti
767 1781 837 1824 malo
853 1787 881 1826 et

102 1865 184 1907 noxio
206 1863 326 1918 oppositam
343 1875 398 1906 esse.
430 1862 524 1906 Moral.
539 1876 559 1917 p.
576 1863 638 1905 370.:
654 1861 692 1907 Ἐκ
707 1862 732 1906 δὲ
746 1861 880 1924 Ἀφροδίτης

102 1947 139 1990 καὶ
154 1943 241 2005 ’Ἀοεως
266 1942 385 2005 Ἁρμονίαν
409 1944 522 2001 γεγονέναι
542 1938 734 2001 prodotopodoaar
756 1941 815 1990 aiod
840 1946 880 2001 μὲν

102 2026 190 2086 ἀπηνής
209 2028 247 2072 καὶ
267 2025 402 2086 φιλόνεικος,
418 2024 433 2083 ἦ
451 2026 477 2071 δὲ
497 2025 642 2082 μειλίχιος
660 2028 698 2071 nol
713 2027 835 2084 γενέθλιος.
852 2053 879 2058 —

101 2110 225 2153 Memoratu
244 2108 333 2163 dignum
354 2120 402 2151 esse
418 2108 530 2160 duximus,
550 2108 608 2162 quod
623 2108 682 2162 apud
697 2108 880 2153 Plutarchum

103 2192 129 2235 de
144 2193 195 2235 fort.
211 2192 338 2245 Romanu.
354 2191 404 2234 322.
421 2190 445 2233 F.
461 2190 560 2244 legimus
576 2190 715 2235 fortunam
732 2191 879 2245 obsequen-

102 2277 160 2317 tem
183 2272 261 2331 (τοχὴν
276 2270 408 2329 πειθήνιον)
429 2284 441 2314 a
458 2271 587 2326 quibusdam
603 2272 751 2328 μειλίχιον
767 2274 879 2329 appellari.

102 2355 222 2398 Deorum
243 2355 337 2409 denique
361 2353 543 2408 benignorum
564 2352 586 2395 in
607 2354 731 2397 universum
754 2354 780 2399 fit
799 2356 880 2399 mentio

103 2437 170 2491 Orph.
186 2437 264 2492 Hymn.
280 2448 375 2500 prooem.
391 2428 426 2480 30.
444 2435 506 2479 Orac.
523 2449 557 2490 ap.
573 2435 687 2491 Phlegont.
702 2436 798 2481 Maerob.
815 2441 880 2482 enstr.

78 2504 196 2564 'pausas
211 2520 238 2564 u.
254 2520 289 2573 ae,
306 2521 325 2563 a
405 2536 406 2539 =

175 2711 188 2763 ¹)
203 2713 229 2752 af.
251 2712 341 2752 Oreuner
361 2712 430 2765 Symb.
451 2712 467 2751 Ι.
482 2724 501 2761 p.
517 2714 561 2752 164.
590 2711 604 2762 ²)
620 2711 645 2750 of.
660 2712 712 2752 Plut.
729 2713 879 2762 QuaestRom.

101 2791 121 2829 p.
136 2780 182 2828 277,
195 2780 210 2818 4
223 2777 293 2817 Reisk.
308 2777 366 2820 Tom.
380 2777 426 2816 VII.
441 2789 460 2827 p.
476 2779 521 2817 120.
535 2779 556 2816 et
571 2776 654 2826 Quaest.
666 2776 739 2817 Gnaeo.
754 2791 773 2829 p.
788 2780 833 2829 291,
848 2782 880 2820 49.

102 2843 173 2884 Reisk.
188 2842 238 2883 ibid.
253 2854 273 2892 p.
289 2843 333 2881 172.
361 2840 377 2891 ³)
391 2841 437 2881 DD.
452 2844 473 2880 et
486 2840 528 2881 00.
543 2854 562 2880 v.
577 2844 622 2882 112.
637 2853 695 2892 seqq.
721 2897 723 2900 .
