1798 3051
74 92 163 136 22.

75 215 143 265 ratus.
179 221 222 265 Sed
238 222 265 266 de
282 220 435 278 Εὐβουλεῖ,
452 220 582 281 Eridanum,
599 223 699 281 Φιλίῳ,
716 215 853 283 'Errtdcdtp

75 317 146 359 pauca
161 305 279 360 quaedem,v
291 317 348 359 quae
358 304 456 358 reperire
466 306 535 360 potui,
546 304 642 349 afferam.

134 386 160 430 iu
182 386 317 433 Nicandri
340 386 416 442 fragm.
434 387 533 442 Alexiph.
550 389 584 431 14.
619 385 675 434 Τόδε
688 383 852 444 χάσμοιλοςὲκ-

76 469 160 530 δρομον
175 468 308 526 Εὕβοολῆος
325 492 351 499 -
367 467 502 526 Εὐβουλέιος
524 472 691 524 cognomentum
715 470 804 524 proprie
824 470 853 514 ad

75 550 220 594 Plutonem
235 554 328 606 spectat,
346 550 373 594 de
387 551 456 594 Iove*
469 554 560 606 propter
572 551 794 607 ‘generalemt-autum
805 551 852 596 eius
875 598 876 601 ,

75 634 193 686 notionem,
210 646 277 688 quam
285 633 361 687 primis
377 633 512 688 temporibus
528 633 692 688 apudGraecos
702 634 852 688 uiguissemo-

76 716 169 769 unimus,
178 715 302 770 praedicari
309 718 389 770 potest.
405 715 540 770 Cyrenenses
551 728 576 759 eo
586 718 672 760 nomine
682 728 733 760 usos
744 728 799 769 esse,
808 715 853 759 He-

76 797 164 853 sychius
171 811 187 841 s.
196 810 216 840 1.
226 798 316 854 docet.¹)
331 797 409 840 Latine
419 797 510 852 reddas:
520 797 639 853 quibene
648 797 786 851 consulit,
795 797 854 853 qnod

76 881 98 923 in
115 892 164 922 eum
179 879 271 923 maxime
288 879 387 934 quadrat,
405 880 441 934 qui
455 879 552 924 homines
568 880 626 923 vitae
642 879 753 923 laboribus
769 883 792 924 et
807 892 853 925 mo-

76 961 146 1005 lestiis
165 962 291 1016 perfunctos
312 962 388 1017 requie
409 963 497 1005 tandem
513 966 603 1005 aeterua
618 963 701 1005 donare
717 944 853 1007 credebatur.

148 1048 168 1087 E
174 1039 288 1089 ddnaov
304 1043 417 1098 epitheton
432 1046 506 1087 utrum
527 1044 584 1087 idem
601 1044 658 1099 quod
674 1041 805 1101 Εὐβουλεύς
827 1057 854 1087 an

76 1125 150 1180 potius
165 1137 241 1169 verum
257 1126 417 1180 somnumsqui
432 1114 475 1168 iam
490 1125 601 1186 veteribus
617 1127 694 1169 mortis
709 1125 779 1171 frater
795 1126 853 1177 dice-

76 1207 152 1260 batur,
174 1206 292 1262 significet,
314 1206 401 1251 difficile
417 1211 451 1250 est
476 1208 504 1250 ad
526 1207 671 1251 iuddcandum.
713 1206 755 1250 Sed
780 1211 854 1252 tamen

75 1289 99 1332 id
121 1288 261 1343 perspicuum
291 1283 336 1341 cst,
370 1288 452 1344 aliquid
475 1274 592 1344 mysticum
616 1289 651 1333 vel
674 1289 854 1343 euphemistieum

75 1370 177 1425 interest)
230 1386 232 1388 ·

147 1452 221 1495 Iovem
240 1451 319 1495 deinde
339 1451 442 1496 Φίλιον
463 1464 489 1495 ex
505 1464 548 1495 uua
564 1452 769 1497 commemoratione
783 1451 854 1496 Pau-

77 1535 171 1579 saniae
191 1534 296 1591 novimus.
335 1532 446 1576 Describit
464 1536 536 1577 autem
553 1533 611 1576 WII.
627 1534 663 1586 31,
679 1534 703 1579 2.,
716 1533 854 1579 simulacrum

77 1615 185 1671 quoddam
204 1616 263 1658 Iovis
283 1615 305 1656 in
326 1598 407 1669 tempto
428 1614 600 1669 Megalopoleusi
621 1614 770 1667 constitutum,
787 1614 853 1669 quod,

22 1735 24 1738 .
77 1699 168 1751 excepta
189 1697 275 1751 {aquila⁷
297 1708 353 1751 quae
369 1696 392 1738 in
408 1695 483 1751 thyrso
500 1695 625 1748 insedisset,
635 1686 749 1740 'Bacchum
765 1708 854 1750 reprae-

76 1778 203 1821 sentaverit.
246 1776 289 1820 Sed
310 1780 382 1819 tamen
405 1781 471 1821 recte.
484 1791 498 1820 a
516 1777 647 1833 Pausaniat)
668 1777 742 1820 Iovem
762 1778 855 1831 eumque

76 1863 241 1903 terrestrem
263 1859 374 1919 cognitum
394 1870 448 1911 esse,
470 1858 520 1915 iude
536 1858 651 1913 colligitur‚
668 1858 726 1913 quod
740 1860 763 1903 iu
778 1858 853 1902 ricini-

76 1943 123 1985 tat'e
143 1941 201 1984 illius
223 1941 296 1995 tempii
317 1939 392 1983 Cereri
411 1942 433 1982 et
456 1940 602 1994 Proserpinae
631 1940 704 1983 lucum
724 1952 854 1995 sacrumque

77 2022 160 2065 duabus
181 2022 270 2065 dearum
291 2022 370 2065 statuis
385 2022 505 2064 minoribus
521 2025 628 2074 ornatum,
644 2021 787 2076 sequentibus
802 2034 853 2065 uar-

77 2107 112 2147 rat
127 2104 193 2148 situm
207 2102 305 2159 tuisse.³)

151 2450 164 2495 Ι)
177 2448 271 2496 Εὖβουλεΰς
292 2447 301 2486 d
320 2449 405 2492 Πλούτων,
425 2440 472 2496 παρὰ
492 2449 510 2485 δὲ
530 2452 564 2488 τοῖς
585 2448 652 2487 πολλοῖς
670 2446 678 2484 d
695 2446 737 2488 Ζεὺς
754 2447 771 2484 ἐν
783 2446 854 2499 Κυρήνῃ.

77 2508 93 2560 ²)
108 2509 154 2559 Quo
167 2510 214 2549 ioco
227 2509 344 2560 Hesychius
357 2509 398 2549 hoc
410 2510 535 2549 vocabulum
548 2509 638 2560 explicat
650 2510 756 2558 corruptus
762 2507 855 2548 videtur:

76 2576 156 2616 Εὔοτιιιος
174 2576 183 2613 d
202 2577 252 2616 zm<-
269 2575 281 2629 a,
298 2575 347 2616 καλὸς
360 2574 418 2616 ὕπνος.
433 2579 480 2623 παρὰ
495 2577 570 2626 Δελφοῖς.
598 2577 614 2622 ³)
629 2578 663 2612 Τοῦ
678 2573 767 2623 περιβόλου
783 2575 800 2612 δὲ
812 2576 854 2614 ἐςτιν

77 2639 123 2680 ἐντὸς
140 2637 198 2678 Φιλίου
213 2639 251 2681 Διὸς
266 2638 311 2685 ναὸς,
327 2636 437 2676 Πολυκλείτου
453 2640 482 2687 μὲν
498 2646 527 2677 τοῦ
541 2636 619 2691 Ἀργείου
635 2637 654 2675 τὸ
667 2639 739 2690 ἄγαλμα,
751 2638 823 2686 Διονύσῳ
837 2639 855 2675 δὲ

75 2706 150 2755 ἐμφερές.
177 2701 259 2750 Κόθορυοῖ
273 2718 291 2739 τε
306 2705 337 2755 γὰρ
349 2706 371 2739 τὰ
382 2702 482 2754 ὑποδήματά
493 2705 535 2739 ἐστιν
548 2701 633 2749 αὐτῷκαὶ
645 2702 680 2752 ἔχει
691 2708 713 2754 τῇ
726 2702 769 2753 χειρὶ
777 2703 854 2749 ἔκπωμα,

75 2775 97 2821 τῇ
116 2768 133 2805 δὲ
146 2767 194 2817 ἑτέρᾳ
209 2768 277 2815 θύρσον,
289 2754 362 2818 adducet
375 2766 392 2802 δὲ
404 2766 452 2807 ἀετὸς
465 2764 492 2804 ἐπὶ
502 2771 527 2813 τῷ
539 2767 603 2815 ddporp·
615 2764 667 2803 καίτοι
679 2781 698 2817 γε
710 2770 745 2808 τοῖς
758 2766 782 2808 εἷς
794 2766 854 2804 Διονυ-

76 2847 104 2871 οον
116 2833 210 2885 λεγομένοις
222 2841 270 2869 τοῦτο
285 2830 316 2880 οὐχ
329 2830 423 2882 ὁμολογοῦν4
432 2832 480 2869 ἐστιν,
536 2873 538 2875 ,
