1798 3051
80 113 110 155 40

81 241 171 285 damus?
205 242 262 285 Nam
283 242 341 296 quod
359 243 418 297 apud
439 242 504 285 Paus.
524 243 538 285 1.
561 257 578 286 0.
598 244 687 296 legitur,
711 242 738 285 de
762 242 858 295 Cecrope

81 326 165 366 tantum
182 337 207 367 eo
223 324 312 368 consilio
328 326 438 376 narratur,
455 330 480 367 ut
494 323 552 367 illius
568 307 691 367 humanitas
707 323 858 378 Lycaonisque

81 404 189 449 Arcadum
208 405 266 460 regis
284 405 366 449 ferocia
386 409 499 459 appareat.
533 405 567 448 Ex
588 418 613 448 eo
639 397 728 456 autem,
749 405 808 459 quod
831 404 858 448 ah

53 547 55 551 Ι
80 486 250 531 Atheniensibus
271 499 347 530 sacrae
363 487 514 541 plaguncuhre,
539 500 593 541 quas
608 486 655 530 Iovi
671 485 797 541 offerebant,
813 486 858 531 πέ-

80 569 163 613 λανοι
179 570 303 623 posteriore
314 574 401 629 quoque
417 571 490 612 aetate
506 556 630 622 appellatae
645 572 703 621 sunt,
719 568 778 612 nullo
794 569 858 612 modo

78 652 153 703 potest
168 648 273 703 concludi,
289 640 408 704 praecipua
423 650 481 693 Iovis
497 662 560 693 sacra
575 649 643 694 fuisse
663 652 782 695 incruenta.
813 650 857 692 De·

78 730 129 774 inde
144 730 208 775 Iovi
224 730 312 786 quidem
327 742 427 781 sum-mo
444 727 583 788 (Ὑπάτῳ),
599 744 663 786 quem
673 731 768 785 Cecrops
784 728 809 776 'eo
821 743 857 774 co-

78 812 180 867 gnomine
188 812 313 866 appellavit,
325 813 469 856 Athenienses
480 812 502 854 in
513 825 552 855 ara
560 814 661 867 quadam,
673 814 701 856 ad
709 812 856 856 Erechtheum

78 895 128 947 sita,
144 893 265 938 incruentis
280 893 364 947 fecisse,
380 894 438 937 idem
453 894 574 937 Pausanias
582 894 599 949 ¹)
615 896 691 937 auctor
707 896 747 937 est.
783 934 785 936 ,
809 916 811 919 -

138 975 194 1019 'Sed
214 988 280 1030 quum
296 979 387 1029 praeter
402 975 442 1019 hoc
452 975 511 1017 nihil
527 976 554 1018 de
570 978 687 1035 eobnotum
703 976 738 1028 sit,
754 974 802 1019 iure
818 988 856 1019 no-

78 1057 112 1100 bis
129 1057 231 1101 dubitare
246 1056 352 1111 videmur,
368 1070 421 1100 num
436 1057 522 1100 omnino
533 1057 556 1099 in
567 1057 692 1100 universum
702 1056 857 1113 publicumque

78 1133 160 1184 cultum
168 1140 287 1191 transierit,
297 1139 355 1193 quod
365 1139 449 1183 etiamsi
458 1134 575 1192 constaret,
584 1139 776 1183 demonstrandum
785 1142 857 1183 tamen

78 1220 252 1275 relinqueretur,
272 1232 319 1262 eum
341 1232 390 1263 esse
404 1219 530 1264 Milichium.
562 1221 635 1272 Quare
650 1220 673 1263 id
688 1223 773 1263 tantum
789 1220 856 1265 aude-

78 1314 126 1345 mus
147 1302 230 1356 dicere,
251 1300 417 1345 Atheniensium
432 1299 536 1345 ‘'Yrrorov
555 1301 614 1345 inter
632 1302 681 1345 illos
701 1295 857 1345 recensendum

78 1396 126 1427 csse
146 1383 210 1436 deos,
231 1396 323 1437 quorum
345 1383 416 1425 cultus
438 1382 597 1436 antiquioribus
617 1383 704 1437 quidem
720 1383 856 1438 temporibus

77 1463 183 1520 florebat,
203 1464 363 1519 posterioribus
385 1476 436 1506 vero
446 1468 448 1471 ’
458 1463 505 1507 sola
519 1464 602 1517 pietate
618 1465 764 1519 retinebatur,
781 1478 807 1508 ne
823 1465 855 1508 in-

77 1548 205 1589 stitutorum
220 1547 356 1589 factorumve
372 1546 508 1601 quorundam
527 1548 633 1589 memoria
647 1546 797 1591 intercideret.
828 1547 857 1590 Et

77 1627 131 1671 haec
153 1628 239 1683 quidem
260 1627 365 1671 adversus
388 1627 568 1671 Hermannum
584 1626 613 1682 [l.
636 1640 653 1671 o.
674 1641 695 1682 p.
714 1627 761 1683 it),
778 1629 815 1682 qui
835 1632 857 1672 et

78 1709 182 1764 Cecropis
203 1711 329 1753 institutum
349 1712 372 1753 et
391 1704 491 1753 Ὑπάτου
512 1710 626 1753 incruenta
648 1709 722 1753 oblata
743 1722 792 1753 cum
815 1710 857 1752 Mi-

77 1790 135 1835 lichii
151 1795 242 1834 cruento
259 1790 365 1834 sacrificio
381 1803 480 1845 pugnare
496 1789 616 1834 arbitratus
632 1794 672 1835 est.

420 1987 439 2042 §-
470 1989 506 2031 ab.

147 2092 250 2136 Laudant
269 2100 384 2147 praeterea
408 2096 494 2137 veteres
523 2095 642 2147 scriptores
670 2092 774 2135 nonnulla
800 2094 853 2146 loca,

76 2186 133 2229 quae
148 2188 198 2219 aras
221 2174 340 2217 habuerint
359 2176 466 2229 sanguine
491 2175 628 2217 victimarum
660 2186 771 2228 nunquam
802 2186 853 2218 con-

75 2269 163 2311 spersas
180 2256 268 2313 (Βωμοὶ
284 2254 434 2312 ἅναίμακτοι).
465 2256 521 2299 Prae
534 2255 582 2299 aliis
595 2258 765 2300 commemorant
775 2256 853 2311 Apol-

75 2338 139 2381 linis
156 2339 300 2381 Genit'oris
316 2337 456 2399 (Γενέτορος)
472 2339 496 2382 in
506 2337 562 2396 Delo
578 2322 732 2397 insulaaram,
750 2338 784 2392 cni
795 2338 853 2382 triti·
874 2366 876 2369 -

75 2433 124 2465 cum
143 2420 294 2476 hordeumque
315 2423 337 2464 et
354 2421 458 2465 libamine
476 2420 644 2475 imponebantur
651 2418 675 2475 ²),
696 2419 805 2474 adquam
820 2419 853 2462 ni-

148 2712 162 2757 ¹)
178 2708 212 2757 Hp'o
230 2710 248 2747 δὲ
264 2717 294 2761 τῆς
311 2709 375 2750 εἷςόδου
394 2710 429 2757 (se.
448 2717 476 2746 τοῦ
488 2708 596 2761 Ἐρεχθεῖου)
610 2708 648 2750 Διὸς
660 2711 693 2747 ἐστι
706 2708 760 2757 βωμὸς
770 2711 852 2753 ‘Tauiana

72 2775 115 2812 ,ἔνθα
131 2774 205 2825 ἔμψυχον
222 2773 288 2815 θύουσιν
304 2773 358 2820 οὐδὲν,
370 2775 448 2823 πέμματα
461 2775 478 2811 δὲ
490 2775 554 2819 θέντες,
566 2774 615 2811 οὐδὲν
627 2774 652 2810 ἔτι
663 2772 703 2823 01οῳ
716 2774 809 2826 χρήσασθαι
821 2788 851 2810 νο-

74 2842 140 2894 μίζουσι
159 2842 175 2882 Ι.
190 2843 222 2891 26,
237 2841 256 2880 5.
284 2838 299 2890 ²)
313 2840 375 2891 Diog.
389 2841 459 2881 Laert.
473 2840 530 2880 VIII.
545 2843 564 2881 3.
