1798 3051
84 86 113 129 28

86 218 108 257 et
122 215 249 273 Κοήσίοο
271 219 293 259 et
312 216 331 258 si
349 228 392 271 qna
412 222 463 258 sunt
485 216 528 260 alia
549 217 645 261 eiusdem
661 218 748 272 generis
765 216 863 272 epitheta

84 298 254 352 nancisceretur,
270 297 310 341 sed
326 297 355 340 ad
370 301 488 342 terrestres
506 311 592 354 quoqne
608 300 660 342 deos
677 302 700 342 et
714 299 803 354 proprie
814 300 862 354 qui-

86 381 136 423 dern
152 391 178 422 ea
194 382 294 432 attinere,
310 381 353 423 iam
370 380 487 434 tetigimus,
503 381 534 423 ita
551 385 575 424 nt
590 381 644 424 nihii
652 381 730 434 obstet,
747 382 862 436 quominus

85 462 252 515 contendamus,
268 461 334 505 etiarn
354 461 428 504 Iovem
449 475 475 505 ex
497 463 572 506 eodem
587 462 663 529 'officio
684 463 863 506 eademnomina

84 544 200 596 accepisse.
232 542 298 586 Cuius
315 546 388 586 tamen
403 546 436 587 rei
448 545 548 598 quaestio
560 558 628 600 quum
638 558 651 587 a
661 547 736 588 nostro
748 546 862 599 proposito

85 625 155 667 ahena
180 624 292 677 videatur,
319 625 345 668 de
370 625 499 682 Κοήσί-οιι
525 628 609 669 tanturn
633 627 719 670 nomine
739 638 808 680 panca
829 625 861 668 di-

84 718 164 749 cemus.

154 869 248 914 Videtur
268 869 407 913 nobisinter
426 865 551 927 Κτήσιον
572 873 594 912 et
610 869 769 925 Μειλίχιον
783 868 861 913 similis

86 963 134 994 esse
149 952 212 1003 ratio,
228 963 284 1005 quae
300 953 358 994 inter
372 950 496 1005 Μειλίχιον
511 953 533 994 et
548 955 649 1009 Σωτῆρα,
665 950 731 1005 idque
747 952 768 993 in
784 950 861 1004 opibus

84 1032 222 1087 acquirendis
244 1035 266 1074 et
284 1031 397 1085 augendis.
444 1032 463 1074 E
484 1031 628 1086 Xenophonte
648 1032 704 1075 enirn
722 1030 791 1075 hnab.
812 1031 860 1074 VH.

84 1115 104 1167 8,
119 1115 134 1156 4
149 1117 171 1157 et
187 1114 225 1167 5¹)
241 1115 380 1167 perspicuum
396 1115 436 1166 est,
452 1113 526 1156 Iovem
541 1113 642 1167 precibus
659 1112 802 1167 mitigandum
813 1125 861 1156 esse

84 1194 208 1251 (μειλικνὸν
229 1191 309 1249 εἶναι),
329 1196 458 1249 priusquam
476 1195 571 1239 lucranti
589 1194 673 1247 faveat,
697 1198 719 1237 et
735 1207 801 1249 quum
817 1193 861 1238 Mi-

82 1276 177 1320 licthm·
190 1276 264 1320 Iovem
284 1276 363 1319 iratum
385 1279 433 1320 esse
452 1280 474 1318 et
494 1276 600 1331 reiigione
620 1275 706 1318 demum
730 1276 861 1329 placandum

21 1361 25 1365 ’
84 1358 192 1411 deumque
206 1360 334 1414 terrestrem
351 1358 525 1412 cognoverimus,
549 1356 657 1400 neminem
673 1369 737 1411 spero
753 1356 861 1420 forequi

9 1471 12 1475 -
85 1439 175 1497 Κνήσίῳ
192 1441 237 1481 tarn
252 1441 314 1482 arcta
329 1439 434 1482 societate
450 1439 470 1481 ei
485 1438 600 1483 coniuncto
625 1442 751 1482 terrestrem
761 1442 861 1482 naturam

83 1525 150 1575 atque
167 1520 273 1576 originem
288 1520 403 1574 abiudicet,
419 1520 549 1573 praesertim
569 1532 635 1574 quum
650 1519 701 1563 huic
717 1532 805 1574 qnoque
821 1533 860 1562 an-

83 1602 132 1656 guis
152 1601 316 1656 attrihuaturff)
351 1601 435 1644 Deinde
455 1615 481 1644 ex
499 1601 575 1644 eodem
593 1600 739 1655 Xenophonte
762 1604 861 1654 apparet,

83 1684 209 1738 Μειλιχίου
235 1695 306 1737 sacra,
332 1695 375 1746 non
401 1682 447 1726 dico
468 1684 550 1737 omnia,
576 1683 616 1725 sed
634 1682 722 1736 privata
741 1682 811 1725 solum
833 1683 861 1725 ad

85 1760 186 1822 Κτήσιον
205 1769 292 1819 quoque
307 1776 373 1818 posse
389 1763 477 1816 referri,
500 1765 533 1807 ita
548 1767 573 1806 ut
587 1763 641 1806 nihil
661 1761 826 1817 offenderemur,
843 1763 861 1806 si

83 1846 204 1900 Xenophon
223 1859 263 1900 pro
283 1845 399 1904 Μειλιχίῳ
424 1845 549 1900 scripsisset
569 1842 676 1902 Κτήσιον.
716 1845 794 1900 Itaque
814 1844 861 1888 Lo·

83 1927 214 1982 beckii,³)
237 1927 259 1969 in
276 1927 386 1982 Hesychio
410 1939 427 1970 s.
448 1940 468 1969 v.
492 1927 549 1978 Διὸς
571 1925 654 1971 κώδιον
678 1924 799 1983 Ἱκεσίῳ
820 1940 861 1982 pro

83 2013 107 2053 Κ
114 2009 213 2066 σήσίῳ
233 2008 337 2063 legentis,
359 2009 484 2052 coniectura
504 2009 585 2062 optime
601 2009 774 2061 supersedemus.
806 2009 862 2053 Nam

84 2103 155 2145 neque
179 2090 304 2146 Μειλιχίου
331 2093 354 2133 et
379 2090 488 2146 Κσήσίοο
503 2089 626 2133 coniunctio
650 2089 861 2150 qrridquamqhabet,

84 2172 142 2227 quod
164 2172 268 2226 explicari
288 2174 390 2226 nequeat,
406 2183 477 2226 neque
490 2167 538 2215 'ulla
553 2170 594 2214 hoe
609 2170 714 2225 Hesychii
730 2170 777 2216 loco
794 2171 861 2215 vesti-

83 2257 120 2308 gia
140 2253 286 2307 corruptionis
305 2253 416 2306 suspicari
434 2265 558 2307 possumus,
575 2265 641 2306 quum
657 2252 770 2306 vulgatam
785 2252 860 2296 lectio·

83 2347 132 2377 nem
148 2335 213 2379 etiam
230 2333 328 2378 Suidas
344 2337 367 2377 et
382 2334 547 2388 Apostolius
563 2333 612 2377 VH.
628 2334 663 2377 10.
680 2332 827 2388 exhibente)

157 2696 169 2745 Ι)
188 2695 221 2734 eit
238 2694 258 2745 ξ.
275 2698 294 2735 3.
325 2695 341 2744 ²)
354 2666 452 2734 cremer
470 2695 539 2744 Symb.
558 2694 596 2734 111.
611 2707 630 2745 p.
646 2696 690 2735 123.
705 2694 768 2734 Gerh.
782 2696 795 2733 i.
810 2707 826 2733 e.
841 2706 861 2744 p.

81 2763 127 2802 463.
156 2758 171 2810 ³)
189 2759 294 2809 Aglaoph
311 2771 331 2809 p.
351 2761 395 2798 128.
412 2759 491 2798 Locum
510 2758 558 2797 ride
575 2757 594 2809 ξ.
614 2760 648 2798 16.r
663 2758 698 2799 eit.
729 2757 745 2808 ί)
760 2759 785 2799 of.
800 2758 823 2798 Ο.
837 2759 861 2798 F.

81 2825 188 2863 Hermann
201 2823 277 2873 Opuse.
291 2824 318 2862 Π.
333 2825 351 2862 2.
366 2835 386 2872 p.
400 2825 446 2863 210.
762 2830 763 2833 ’
