1798 3051
787 81 815 123 47

41 224 80 255 um
107 211 155 255 fieri
182 211 349 266 indequetmn
372 210 462 253 taedii
488 208 659 264 iasticliique
681 209 745 252 animi
759 197 817 252 ι’111111

39 293 184 336 tristitiae
200 292 409 346 anxietatisque
424 291 522 335 eiusdem
542 291 607 333 animi
623 290 676 334 oriri
699 302 763 345 posse
788 292 816 332 si-

39 374 195 428 gnificationes,
211 361 352 417 manifestum
369 379 409 416 est.
441 371 484 415 Sed
506 373 607 427 quoniam
631 384 707 415 sanum
722 384 816 426 corpus,

36 455 131 499 >maxime
145 467 197 501 uero
217 459 294 516 uenter
314 453 342 497 ab
356 437 457 497 omnibus
473 455 501 497 iis
516 453 572 497 liber
588 456 610 496 et
620 466 688 507 purus
705 458 748 508 est
761 465 817 508 quae

39 537 59 580 ei
75 538 110 580 vel
127 539 196 581 aliena
212 537 350 580 veliniinica
366 540 422 589 sunt,
440 538 586 591 quoniamque
603 548 628 579 ea
646 535 725 590 quibus
738 548 816 590 grava-

39 622 76 660 tur
99 618 175 661 sordes
191 622 243 661 sunt
264 620 339 660 etant
355 621 403 660 arte
419 621 456 660 aut
472 621 551 660 natura
567 618 698 661 educuntur:
715 630 756 672 per
772 615 815 674 ἄση

40 700 137 744 voculam
153 700 249 743 sordes
271 711 357 754 quoque
374 699 457 742 animi
473 699 567 752 exprimi
579 701 687 752 poterant.
719 698 815 750 Quarum

40 781 87 823 fons
104 780 184 835 duplex
199 784 243 825 est:
260 786 298 824 aut
314 782 369 823 enim
387 780 524 834 extristitia,
542 792 553 822 e
569 780 634 822 nimio
651 792 756 833 moerore,
771 786 816 833 ant,

41 876 108 918 quum
129 862 209 906 similes
230 863 328 916 corporis
350 861 430 904 similes
449 862 536 904 morbos
552 862 617 905 animi
634 861 744 904 veteribus
756 861 816 904 indi·

40 944 124 997 cabant,
141 956 153 986 e
169 944 249 997 culpa
264 942 436 997 proficiscuntur.
472 943 536 986 Untle
552 943 637 997 duplex⁷
659 943 742 998 opinor,
760 942 816 1001 liupr

41 1025 170 1079 significatio
187 1025 315 1078 explicanda
331 1030 371 1078 est,
388 1038 453 1079 quam
469 1024 540 1068 Suirl.
561 1038 578 1067 s,
594 1039 613 1067 u.
630 1024 729 1067 exhibet:
742 1024 815 1082 ''sluq

40 1102 124 1168 paup..
140 1104 154 1163 ἢ
169 1104 236 1163 λύπη.
249 1130 276 1135 -
294 1105 380 1159 Omnes,
392 1118 446 1160 quas
457 1106 527 1159 tetigi,
539 1105 706 1159 significationes
717 1108 738 1148 in
750 1106 815 1149 verbo

40 1185 114 1234 dorla
129 1188 232 1242 reperiet,
250 1189 287 1242 qui
304 1200 359 1242 quae
375 1186 555 1232 circumferuntur
570 1188 640 1231 lenica
656 1188 741 1231 adierit.

40 1270 123 1317 Σιιιίνω
144 1269 221 1312 deinde
241 1269 330 1312 remum
350 1269 377 1311 ab
399 1268 645 1324 Henrsterlrusiwi
659 1272 681 1312 et
703 1268 816 1312 Valcke-

40 1351 145 1404 nari-02)
166 1364 192 1393 ex
211 1349 347 1410 crapulam
364 1354 491 1404 corruptum
506 1353 528 1393 et
544 1351 672 1404 posterioris
689 1351 816 1404 graecitatis

40 1444 88 1475 esse
103 1431 197 1473 habetur
213 1435 235 1473 et
250 1444 263 1473 a
278 1430 394 1473 Reiskio
411 1431 486 1473 eodem
501 1431 564 1474 Pauli
578 1433 625 1475 loco
635 1443 681 1485 ,pro
698 1431 814 1487 ouloep‘ocu

31 1512 211 1556 commendator.
246 1512 357 1567 Σικχαίνω
380 1512 466 1566 quidem
482 1513 545 1566 eique
561 1515 654 1566 cognata
669 1511 752 1568 σικχός,
769 1530 816 1557 σικ-

40 1592 116 1650 χότης,
132 1591 236 1648 ,ἄσικχως
251 1605 346 1646 saepen
362 1593 506 1647 scriptoribus
522 1596 668 1646 usurpantur,
695 1594 721 1637 de
738 1594 816 1648 quibus

40 1675 186 1729 lexicographi
210 1674 281 1717 nostri
305 1674 418 1718 docebunt.
460 1674 502 1717 Secl
518 1675 608 1727 σιαίνω,
635 1675 693 1730 quod
708 1675 818 1730 ,equidem

40 1758 92 1809 scio,
115 1769 222 1810 nusquam
252 1756 293 1798 nisi
317 1756 375 1809 apud
394 1756 532 1800 scholiastanr
556 1742 584 1799 ad
607 1756 727 1800 Lucianum
752 1758 816 1800 morlo

40 1837 153 1881 laudatum
172 1850 212 1892 pro
230 1838 292 1882 varia
310 1837 403 1880 lectione
423 1839 548 1893 μιαίνειν
568 1842 590 1881 et
612 1839 634 1881 in
654 1842 729 1882 nostro
750 1839 817 1883 schol.

26 1981 28 1983 Ι
41 1920 68 1962 acl
85 1920 189 1963 eiusdem·
198 1920 287 1962 Luciam
301 1921 354 1963 Tim.
365 1934 382 1963 c.
392 1921 412 1963 t.
427 1922 474 1964 loco
490 1919 578 1974 legitur,
589 1921 627 1963 ubi
637 1933 680 1963 non
694 1921 817 1966 droctul-

42 2018 111 2055 razo,
128 2001 166 2044 secl
183 2014 231 2044 cum
246 2002 411 2045 Hemsterhnsio
427 2003 481 2047 Aio
497 2003 610 2047 proluar
625 2002 740 2063 legendum
756 2009 796 2046 est.

105 2083 158 2127 ,Iam
179 2096 230 2126 vero
250 2084 346 2127 exoritur
363 2084 473 2137 quaestio,
498 2078 611 2138 quidnam,
638 2096 704 2139 quum
719 2086 773 2128 talia
789 2087 816 2129 ad

43 2165 211 2218 Aristophanem
228 2159 250 2210 et
264 2166 383 2209 Lucianurn
398 2169 536 2219 annotarent
556 2164 686 2209 scholiastae
701 2167 817 2211 memoriae

42 2246 136 2302 prodere
152 2247 267 2290 voluerint.
299 2246 370 2301 Supra
387 2260 426 2302 ego
444 2247 558 2291 ostendere
575 2253 668 2291 conatus
677 2261 731 2302 sum,
745 2250 817 2293 lovem

41 2328 158 2372 lliliehium
182 2333 205 2372 et
219 2329 336 2383 pluvialem
353 2341 401 2373 esse
418 2329 483 2372 deum
499 2335 520 2372 et
535 2331 556 2373 m
573 2333 633 2373 terra
649 2335 716 2385 atque
732 2343 754 2374 m
771 2333 816 2375 solo

41 2424 187 2466 agrorumque
204 2411 268 2454 11111110
285 2415 413 2455 uersantem.
445 2410 544 2466 Utraque
560 2411 606 2456 eius
622 2408 676 2455 haec
692 2414 817 2469 proprietas

114 2749 125 2801 Ι1
140 2751 173 2866 qu
187 2751 250 2792 111111.
259 2753 343 2793 neuras.
358 2752 406 2794 urar.
420 2758 477 2795 moa.
493 2768 509 2793 0.
525 2757 542 2793 o.
558 2755 589 2794 eu.
604 2731 704 2795 11111111,
722 2756 766 2794 vu.
781 2756 815 2795 rv.

42 2828 62 2866 p.
78 2817 109 2856 96,
122 2816 143 2836 '²
167 2816 191 2855 L.
206 2828 222 2855 c.
