1798 3051
105 85 133 128 14

103 212 166 256 modo
181 212 278 267 pluviam
300 212 479 265 administrasse,
500 217 545 256 tam
564 218 617 256 nota
632 195 731 256 omnibus
747 225 782 256 res
799 217 839 267 est,
855 217 880 256 ut

102 293 202 349 Xenoph.
219 293 299 337 Oecon.
315 293 384 339 XVII.
400 294 420 336 2.
437 289 602 337 Atheniensium
617 306 700 349 preces
717 294 795 349 quibus
806 294 880 338 Iovem

103 376 219 434 quotannis
245 376 340 430 pluviam
361 374 477 430 rogabant,
504 375 546 419 hoc
569 376 617 420 loco
637 388 758 424 memorare
779 375 879 420 sufficiat.

101 457 141 501 Ille
157 457 245 513 quidem
259 457 313 501 haec
325 456 411 514 scribit:
426 456 531 502 Ἐπειδὰν
546 458 588 519 yolo
604 456 617 502 ὁ
632 458 786 517 μετοπωρινός
801 455 880 519 χρόνος

101 535 195 598 ἐπέλθῃ,
211 535 293 591 πάντες
308 557 354 584 που
363 539 389 587 οὶ,
400 537 520 600 ἅνθρωποι
535 539 638 598 πρόςτὸν
649 539 703 585 θεὸν
715 538 879 596 ἀποβλέπουσι,

100 618 168 666 ὁπότε
188 619 271 681 βρέξας
291 620 332 678 τήν
350 625 391 677 γῆν
417 618 501 681 ἀφήσει
523 619 605 673 αὐτοὺς
626 622 738 681 σπείρειν.
763 621 809 664 Has
825 632 878 665 vero

100 701 130 747 M.
148 696 354 754 Antoninus‘alg
369 701 427 746 icoc.
444 702 469 746 V.
485 703 505 745 ἵ,
522 694 624 755 serravit,
641 707 735 757 suntque
746 706 790 746 tam
800 701 878 746 breves

101 796 166 837 quam
181 783 297 837 pulchrae:
319 780 379 836 door,
396 770 465 842 dona
480 780 499 828 od
513 784 566 843 φίλε
581 789 634 837 Ζεῦ,
654 784 711 829 nord
725 789 765 841 τῆς
780 780 879 845 doctiora

99 869 145 910 τῶν
156 863 283 922 Ἀθηναίων
298 866 336 910 καὶ
351 870 397 910 τῶν
411 865 502 910 aaaron
533 864 617 908 Eadem
632 866 723 918 ratione,
740 877 784 919 qua
799 864 877 908 Gracci

101 958 127 989 ex
143 947 184 990 hac
204 959 236 1005 re
249 947 348 991 desmnta
370 951 512 1001 cognomenta
531 946 578 990 lori
602 946 761 1001 attribuebant,
786 948 877 991 Romani

101 1040 149 1071 eum
169 1028 295 1072 Pluuium
315 1028 455 1083 appellabant
474 1032 496 1071 et
519 1027 727 1073 Imbricitorem
752 1034 774 1073 et
798 1029 885 1085 „lore-

100 1108 209 1153 sereno“
229 1110 312 1153 usitata
330 1110 357 1152 iis
377 1113 426 1153 erat
443 1108 536 1152 formula
558 1110 666 1163 loquendi.
703 1109 818 1153 Pertinent
835 1111 877 1153 huc

100 1203 187 1246 quoque
209 1191 296 1235 nomina
317 1191 425 1244 Ἀνταῖος,
448 1190 552 1252 Korounda
573 1191 631 1246 apud
654 1191 748 1235 Boeotos
772 1195 795 1234 et
818 1193 876 1247 apud

99 1274 184 1316 Atticos
199 1269 325 1331 Ἐπάκριας,
346 1271 424 1325 quibus
440 1273 540 1327 Iuppiter
556 1272 609 1315 deus
625 1273 730 1317 montium
745 1273 876 1329 litorumque

99 1354 247 1409 praedicatur.
282 1353 376 1396 Summis
396 1353 454 1396 enim'
471 1353 581 1400 montibus
602 1358 624 1398 et
644 1355 666 1397 in
681 1354 732 1398 altis
747 1355 839 1410 rupibus
854 1355 877 1397 in

98 1449 160 1479 rnare
189 1436 295 1490 proiectis
311 1436 380 1492 nubes
403 1435 477 1489 pluvia
500 1440 522 1479 et
544 1435 649 1480 imbribus
673 1436 777 1491 gravidae
803 1437 874 1480 solent

99 1518 164 1561 coire.
191 1516 268 1563 *Iovem
283 1506 352 1573 igitur
368 1528 473 1560 summum
490 1517 587 1561 universi
602 1530 676 1572 regem
693 1529 811 1573 omnesque
826 1518 875 1562 illos

98 1599 157 1653 daos,
179 1612 271 1654 qnorum
287 1599 350 1643 sedes
367 1602 389 1642 et
404 1602 502 1653 potestas
517 1600 540 1642 in
556 1604 607 1642 aere
623 1601 728 1654 coeloque
743 1600 874 1654 ponebatur,

98 1680 125 1724 ab
146 1681 249 1736 agricolis
270 1685 362 1725 manuue
381 1683 451 1725 cultos
472 1694 531 1734 esse„
553 1693 624 1735 neque
643 1682 731 1736 ignorat
755 1682 871 1737 quisquam

99 1775 169 1817 neque
184 1763 282 1806 miratur.
313 1765 343 1806 At
357 1763 411 1806 illud
426 1764 555 1806 mirandum
563 1766 603 1817 cst,
620 1763 722 1815 curdus,
738 1775 805 1816 penes
821 1775 876 1817 quos

33 1877 34 1880 ,
98 1842 214 1900 imperium
231 1846 368 1886 mortuorum
384 1847 439 1896 erat,
460 1843 537 1886 iisdem
553 1855 655 1897 agrorum
671 1854 758 1898 quoque
774 1856 826 1893 cura
841 1847 874 1886 at-

99 1938 142 1981 que
157 1925 227 1970 tutela
243 1925 358 1969 commissa
372 1925 445 1970 fuerit.
477 1925 521 1969 Sed
537 1926 556 1969 si
575 1939 619 1969 rem
635 1925 760 1980 diligentius
777 1926 875 1969 conside·

97 2007 224 2060 ranei-imus,
241 2006 294 2049 nihil
301 2007 442 2061 reperiemus,
452 2008 510 2062 quod
518 2019 561 2050 non
576 2006 703 2061 probemus,
719 2006 784 2050 immo
795 2006 873 2050 fatebi-

97 2102 156 2143 mur,
177 2087 286 2143 profunde
302 2089 443 2144 pulchreque,
459 2090 493 2132 uti
508 2102 522 2133 a
537 2088 627 2133 Graecis
643 2090 730 2142 assolet,
747 2101 796 2133 esse
812 2101 874 2133 enco-

98 2171 191 2223 gitatum
207 2174 229 2214 et
245 2171 271 2213 ab
287 2171 398 2214 hominum
413 2171 500 2225 ingenio
516 2171 602 2225 poetico
618 2170 705 2213 minime
720 2170 821 2233 alienum.

168 2252 209 2296 Est
228 2257 301 2297 autem
321 2253 379 2297 inter
398 2251 491 2297 hominis
511 2257 588 2297 ortum>
598 2253 740 2308 ultimamque
756 2256 837 2298 sortem
853 2256 875 2296 ct

96 2347 199 2389 agrorum
222 2335 297 2389 fruges
322 2335 444 2379 coniunctio
470 2336 576 2391 quaedam
597 2337 718 2378 memoratu
741 2335 874 2390 dignissima,

97 2429 163 2471 quam
179 2415 257 2461 Graeci
271 2430 314 2460 non
330 2416 399 2461 solum
415 2430 521 2471 sermone,
538 2417 577 2461 sed
592 2417 670 2461 ritibus
687 2430 774 2472 quoque
785 2417 874 2473 quibus-

97 2498 146 2541 dam
166 2499 189 2541 in
212 2500 273 2542 cultu
292 2499 413 2543 observatis
439 2498 497 2543 haud
517 2499 608 2547 obscure
629 2499 760 2543 indicarunt.
768 2500 785 2555 ¹)
819 2501 875 2544 Nam

95 2692 136 2731 ἐστὶ*
152 2693 242 2741 νυκτεριναὶ
257 2695 275 2731 δὲ
288 2695 305 2732 αἱ
315 2693 371 2732 θυσίαι
382 2696 429 2736 θεοῖς
441 2710 459 2732 τε
468 2700 503 2737 ταῖς
516 2693 604 2747 Μειλιχίοις
617 2695 652 2742 εἱσι,
665 2694 692 2734 καὶ
704 2697 788 2735 ἀναλῶσαι
799 2699 821 2735 τὰ
834 2698 874 2747 κρέα

95 2759 160 2805 αὖτόθι,
173 2756 227 2811 πρῖνῆ
240 2758 286 2813 ἥλιον
299 2763 377 2812 ἐπισχεῖν,
389 2758 485 2809 capitonem.
505 2756 517 2809 ¹)
531 2758 638 2798 Pertinent
650 2757 691 2798 llllc
704 2758 802 2809 imprimis
809 2759 874 2800 Thes·

94 2823 203 2874 mophoria
216 2835 229 2862 a
242 2823 362 2862 mulieribus
375 2822 532 2862 Atheniensium
546 2823 657 2864 celebrata.
